TDate,TTime,ETFID,NAVBid1,NAVAsk1,NAVTrade,MktBid1,MktAsk1,MktTrade,VolumeBid1,VolumeAsk1,VolumeTrade
2023-02-22,09:00:02.030000,00632R,5.4083,5.4095,5.4095,5.4,5.41,5.41,26914,2859,0
2023-02-22,09:00:02.030000,00878,16.9614,16.9978,16.9726,17.03,17.04,17.04,173,108,0
2023-02-22,09:00:07.043000,00632R,5.4087,5.4092,5.4089,5.4,5.41,5.41,41839,1292,9389
2023-02-22,09:00:07.043000,00878,16.9569,17.0002,16.9717,17.01,17.02,17.02,1,132,4943
2023-02-22,09:00:12.060000,00632R,5.4066,5.4076,5.4071,5.4,5.41,5.41,27439,1201,100
2023-02-22,09:00:12.060000,00878,16.9562,16.9996,16.9748,17.0,17.02,17.01,3287,129,28
2023-02-22,09:00:17.077000,00632R,5.4066,5.4074,5.4072,5.4,5.41,5.41,27439,1068,146
2023-02-22,09:00:17.077000,00878,16.9526,16.9976,16.9722,17.01,17.02,17.01,10,50,9
2023-02-22,09:00:22.077000,00632R,5.4064,5.4072,5.4072,5.4,5.41,5.41,27445,1018,111
2023-02-22,09:00:22.077000,00878,16.9521,16.9979,16.9751,17.01,17.02,17.02,32,67,11
2023-02-22,09:00:27.077000,00632R,5.4082,5.4087,5.4082,5.4,5.41,5.41,41932,168,975
2023-02-22,09:00:27.077000,00878,16.9511,16.9998,16.972,17.01,17.02,17.02,70,259,8
2023-02-22,09:00:32.077000,00632R,5.407,5.4081,5.4075,5.4,5.41,5.41,41894,101,87
2023-02-22,09:00:32.077000,00878,16.9497,16.9964,16.9692,17.01,17.02,17.02,139,609,28
2023-02-22,09:00:37.077000,00632R,5.4067,5.4074,5.4072,5.41,5.42,5.41,5,19894,151
2023-02-22,09:00:37.077000,00878,16.9517,16.9925,16.9687,17.01,17.02,17.02,196,655,14
2023-02-22,09:00:42.090000,00632R,5.4061,5.4066,5.4066,5.4,5.41,5.41,27944,589,285
2023-02-22,09:00:42.090000,00878,16.949,16.9902,16.9644,17.01,17.02,17.02,260,640,15
2023-02-22,09:00:47.090000,00632R,5.4064,5.4069,5.4066,5.41,5.42,5.4,1,19988,453
2023-02-22,09:00:47.090000,00878,16.9502,16.9882,16.9622,17.01,17.02,17.02,343,600,100
2023-02-22,09:00:52.107000,00632R,5.4067,5.4072,5.4072,5.41,5.42,5.41,564,20002,68
2023-02-22,09:00:52.107000,00878,16.9502,16.9896,16.9613,17.01,17.02,17.02,363,565,61
2023-02-22,09:00:57.123000,00632R,5.4059,5.4064,5.4061,5.41,5.42,5.42,710,19960,670
2023-02-22,09:00:57.123000,00878,16.9476,16.987,16.9616,17.01,17.02,17.02,423,622,31
2023-02-22,09:01:02.137000,00632R,5.4058,5.4063,5.4061,5.41,5.42,5.41,1004,22431,788
2023-02-22,09:01:02.137000,00878,16.9462,16.9846,16.959,17.01,17.02,17.02,101,426,450
2023-02-22,09:01:07.153000,00632R,5.4054,5.406,5.406,5.41,5.42,5.41,1597,22521,7
2023-02-22,09:01:07.153000,00878,16.9413,16.9846,16.9555,17.0,17.01,17.01,4155,46,182
2023-02-22,09:01:12.170000,00632R,5.4058,5.4063,5.4061,5.41,5.42,5.41,2059,22587,44
2023-02-22,09:01:12.170000,00878,16.9437,16.9864,16.9576,17.0,17.01,17.01,4199,7,78
2023-02-22,09:01:17.187000,00632R,5.4058,5.4066,5.4061,5.41,5.42,5.41,2021,22586,53
2023-02-22,09:01:17.187000,00878,16.9422,16.9821,16.9581,17.0,17.01,17.01,4237,16,99
2023-02-22,09:01:22.187000,00632R,5.4059,5.4064,5.4061,5.41,5.42,5.41,2500,22574,55
2023-02-22,09:01:22.187000,00878,16.9413,16.9769,16.9544,17.0,17.01,17.01,4290,29,87
2023-02-22,09:01:27.200000,00632R,5.4062,5.4072,5.4064,5.41,5.42,5.41,3232,22636,514
2023-02-22,09:01:27.200000,00878,16.9445,16.9799,16.9574,17.0,17.01,17.01,4357,95,70
2023-02-22,09:01:32.217000,00632R,5.4056,5.4064,5.4058,5.41,5.42,5.41,3609,22641,48
2023-02-22,09:01:32.217000,00878,16.9438,16.9797,16.9649,17.0,17.01,17.01,4454,12,98
2023-02-22,09:01:37.230000,00632R,5.4056,5.4061,5.4061,5.41,5.42,5.41,3867,23058,395
2023-02-22,09:01:37.230000,00878,16.9428,16.9781,16.9673,17.01,17.02,17.02,14,428,288
2023-02-22,09:01:42.230000,00632R,5.4059,5.4067,5.4064,5.41,5.42,5.42,4129,24462,151
2023-02-22,09:01:42.230000,00878,16.942,16.9774,16.9636,17.01,17.02,17.01,50,923,84
2023-02-22,09:01:47.230000,00632R,5.4059,5.4066,5.4064,5.41,5.42,5.41,4296,24563,70
2023-02-22,09:01:47.230000,00878,16.9412,16.9774,16.9614,17.0,17.01,17.01,4556,74,128
2023-02-22,09:01:52.247000,00632R,5.4046,5.4051,5.4051,5.41,5.42,5.41,4175,24740,143
2023-02-22,09:01:52.247000,00878,16.9431,16.9781,16.9601,17.0,17.01,17.01,4647,369,254
2023-02-22,09:01:57.247000,00632R,5.4046,5.4051,5.4051,5.4,5.41,5.41,25616,4990,4335
2023-02-22,09:01:57.247000,00878,16.9459,16.9781,16.963,17.01,17.02,17.01,29,951,106
2023-02-22,09:02:02.247000,00632R,5.4044,5.4051,5.4046,5.4,5.41,5.41,25616,4652,411
2023-02-22,09:02:02.247000,00878,16.9443,16.9788,16.964,17.0,17.01,17.01,4843,527,437
2023-02-22,09:02:07.263000,00632R,5.4041,5.4046,5.4046,5.4,5.41,5.4,25567,5008,122
2023-02-22,09:02:07.263000,00878,16.9434,16.9778,16.964,17.0,17.01,17.01,4971,340,212
2023-02-22,09:02:12.263000,00632R,5.4044,5.4052,5.4052,5.4,5.41,5.41,25654,5535,604
2023-02-22,09:02:12.263000,00878,16.9434,16.9794,16.9651,17.0,17.01,17.01,5180,524,65
2023-02-22,09:02:17.263000,00632R,5.4059,5.4064,5.4062,5.4,5.41,5.41,27261,843,758
2023-02-22,09:02:17.263000,00878,16.9455,16.9785,16.9609,17.0,17.01,17.01,5278,460,75
2023-02-22,09:02:22.277000,00632R,5.4047,5.4056,5.4052,5.4,5.41,5.41,25825,1370,115
2023-02-22,09:02:22.277000,00878,16.9429,16.9779,16.9595,17.0,17.01,17.01,5425,428,40
2023-02-22,09:02:27.293000,00632R,5.4052,5.4061,5.4054,5.4,5.41,5.41,25860,1995,281
2023-02-22,09:02:27.293000,00878,16.9429,16.9786,16.9585,17.0,17.01,17.01,5531,367,69
2023-02-22,09:02:32.293000,00632R,5.4059,5.4067,5.4067,5.4,5.41,5.41,27362,1637,441
2023-02-22,09:02:32.293000,00878,16.9412,16.978,16.9566,17.0,17.01,17.01,5702,990,79
2023-02-22,09:02:37.293000,00632R,5.4067,5.4072,5.407,5.4,5.41,5.41,27910,924,767
2023-02-22,09:02:37.293000,00878,16.9421,16.9771,16.9563,17.0,17.01,17.01,5808,939,54
2023-02-22,09:02:42.310000,00632R,5.407,5.4075,5.4073,5.4,5.41,5.41,28478,339,646
2023-02-22,09:02:42.310000,00878,16.9421,16.9763,16.958,17.0,17.01,17.01,5941,894,46
2023-02-22,09:02:47.327000,00632R,5.407,5.4075,5.4073,5.41,5.42,5.41,272,26359,356
2023-02-22,09:02:47.327000,00878,16.9429,16.9787,16.9574,17.0,17.01,17.01,6097,852,136
2023-02-22,09:02:52.340000,00632R,5.4067,5.4072,5.407,5.41,5.42,5.41,866,26864,200
2023-02-22,09:02:52.340000,00878,16.9429,16.9787,16.9595,17.0,17.01,17.01,6202,1281,84
2023-02-22,09:02:57.340000,00632R,5.4062,5.4069,5.4067,5.41,5.42,5.41,1102,26872,180
2023-02-22,09:02:57.340000,00878,16.9438,16.9787,16.9601,17.0,17.01,17.01,6263,1251,200
2023-02-22,09:03:02.357000,00632R,5.4076,5.4082,5.4076,5.41,5.42,5.42,1900,26765,129
2023-02-22,09:03:02.357000,00878,16.9417,16.9794,16.9566,17.0,17.01,17.01,6514,1074,191
2023-02-22,09:03:07.357000,00632R,5.4076,5.4085,5.408,5.41,5.42,5.41,1878,26275,638
2023-02-22,09:03:07.357000,00878,16.9433,16.9826,16.9584,17.0,17.01,17.01,6605,706,57
2023-02-22,09:03:12.357000,00632R,5.4083,5.4088,5.4086,5.41,5.42,5.42,2472,26130,215
2023-02-22,09:03:12.357000,00878,16.9451,16.9844,16.9625,17.0,17.01,17.01,6714,862,58
2023-02-22,09:03:17.357000,00632R,5.4083,5.4088,5.408,5.41,5.42,5.42,2983,25954,190
2023-02-22,09:03:17.357000,00878,16.9456,16.9844,16.9606,17.0,17.01,17.01,6740,871,118
2023-02-22,09:03:22.357000,00632R,5.4091,5.4099,5.4091,5.41,5.42,5.42,6984,23868,1101
2023-02-22,09:03:22.357000,00878,16.9461,16.9835,16.9626,17.0,17.01,17.01,6678,798,232
2023-02-22,09:03:27.357000,00632R,5.4097,5.4103,5.4097,5.41,5.42,5.41,10907,23834,1183
2023-02-22,09:03:27.357000,00878,16.9433,16.9796,16.9616,17.0,17.01,17.01,6700,1226,182
2023-02-22,09:03:32.370000,00632R,5.4092,5.4103,5.41,5.41,5.42,5.42,6667,23235,661
2023-02-22,09:03:32.370000,00878,16.945,16.9827,16.9654,17.0,17.01,17.01,6805,639,46
2023-02-22,09:03:37.387000,00632R,5.4092,5.41,5.41,5.41,5.42,5.42,7687,22652,752
2023-02-22,09:03:37.387000,00878,16.9462,16.9833,16.9631,17.0,17.01,17.01,6897,506,149
2023-02-22,09:03:42.417000,00632R,5.4104,5.4109,5.4104,5.41,5.42,5.41,12767,22614,185
2023-02-22,09:03:42.417000,00878,16.9456,16.9832,16.9607,17.0,17.01,17.01,6875,391,282
2023-02-22,09:03:47.417000,00632R,5.4097,5.4106,5.4104,5.41,5.42,5.42,12699,22550,210
2023-02-22,09:03:47.417000,00878,16.9448,16.9851,16.9623,17.0,17.01,17.01,7058,237,162
2023-02-22,09:03:52.433000,00632R,5.41,5.4106,5.4107,5.41,5.42,5.42,12604,21931,733
2023-02-22,09:03:52.433000,00878,16.9439,16.9817,16.9612,17.0,17.01,17.01,7197,386,103
2023-02-22,09:03:57.450000,00632R,5.41,5.4109,5.41,5.41,5.42,5.42,13115,21920,50
2023-02-22,09:03:57.450000,00878,16.943,16.9783,16.959,17.0,17.01,17.01,7183,690,312
2023-02-22,09:04:02.467000,00632R,5.4112,5.4117,5.4112,5.41,5.42,5.42,14691,21367,100
2023-02-22,09:04:02.467000,00878,16.9409,16.9741,16.9566,17.0,17.01,17.01,7325,1119,84
2023-02-22,09:04:07.480000,00632R,5.411,5.412,5.4112,5.41,5.42,5.42,14693,21047,5
2023-02-22,09:04:07.480000,00878,16.9399,16.9752,16.9557,17.0,17.01,17.01,7517,1211,368
2023-02-22,09:04:12.480000,00632R,5.4118,5.4123,5.4121,5.41,5.42,5.41,18660,20678,568
2023-02-22,09:04:12.480000,00878,16.9399,16.9747,16.9556,17.0,17.01,17.01,7550,1504,147
2023-02-22,09:04:17.480000,00632R,5.4121,5.4127,5.4125,5.41,5.42,5.41,18729,20958,6
2023-02-22,09:04:17.480000,00878,16.938,16.974,16.9578,17.0,17.01,17.01,7640,1088,31
2023-02-22,09:04:22.480000,00632R,5.4118,5.4123,5.4118,5.41,5.42,5.41,18717,20711,510
2023-02-22,09:04:22.480000,00878,16.938,16.9751,16.9537,17.0,17.01,17.01,7727,1953,64
2023-02-22,09:04:27.480000,00632R,5.4113,5.4123,5.4115,5.41,5.42,5.42,18766,20888,20
2023-02-22,09:04:27.480000,00878,16.9378,16.9741,16.9531,17.0,17.01,17.01,7864,1949,63
2023-02-22,09:04:32.497000,00632R,5.4113,5.412,5.4118,5.41,5.42,5.42,18766,20899,0
2023-02-22,09:04:32.497000,00878,16.9378,16.9748,16.9493,17.0,17.01,17.01,8010,1884,66
2023-02-22,09:04:37.497000,00632R,5.4116,5.4123,5.4118,5.41,5.42,5.42,18861,20683,100
2023-02-22,09:04:37.497000,00878,16.9371,16.9707,16.95,17.0,17.01,17.01,8121,1845,57
2023-02-22,09:04:42.497000,00632R,5.4116,5.4123,5.4118,5.41,5.42,5.42,18889,20702,31
2023-02-22,09:04:42.497000,00878,16.9371,16.973,16.9489,17.0,17.01,17.01,8197,1806,59
2023-02-22,09:04:47.497000,00632R,5.4118,5.4127,5.4121,5.41,5.42,5.42,19016,20672,47
2023-02-22,09:04:47.497000,00878,16.9368,16.9721,16.9481,17.0,17.01,17.01,8298,1722,96
2023-02-22,09:04:52.510000,00632R,5.4125,5.413,5.4125,5.41,5.42,5.42,19063,20492,25
2023-02-22,09:04:52.510000,00878,16.934,16.97,16.9419,17.0,17.01,17.01,7618,1636,837
2023-02-22,09:04:57.510000,00632R,5.4155,5.4163,5.4163,5.41,5.42,5.42,20001,10343,95
2023-02-22,09:04:57.510000,00878,16.9251,16.9636,16.9366,17.0,17.01,17.01,5011,2242,2793
2023-02-22,09:05:02.527000,00632R,5.4164,5.4175,5.4166,5.41,5.42,5.41,21513,10252,119
2023-02-22,09:05:02.527000,00878,16.9181,16.958,16.933,17.0,17.01,17.01,4560,2308,544
2023-02-22,09:05:07.543000,00632R,5.4173,5.4178,5.4173,5.41,5.42,5.41,39001,9451,853
2023-02-22,09:05:07.543000,00878,16.918,16.9559,16.9303,17.0,17.01,17.01,786,2535,3908
2023-02-22,09:05:12.557000,00632R,5.4182,5.4187,5.4184,5.41,5.42,5.42,40106,8570,1096
2023-02-22,09:05:12.557000,00878,16.9152,16.954,16.9268,17.0,17.01,17.0,273,1524,614
2023-02-22,09:05:17.557000,00632R,5.4171,5.4181,5.4181,5.41,5.42,5.42,40484,8020,553
2023-02-22,09:05:17.557000,00878,16.9127,16.9517,16.9322,16.99,17.0,17.0,1691,497,400
2023-02-22,09:05:22.557000,00632R,5.4167,5.4173,5.4178,5.41,5.42,5.42,26415,7838,178
2023-02-22,09:05:22.557000,00878,16.9127,16.9523,16.933,16.99,17.0,17.0,1856,951,233
2023-02-22,09:05:27.557000,00632R,5.4174,5.4182,5.4176,5.41,5.42,5.42,36589,7696,537
2023-02-22,09:05:27.557000,00878,16.9134,16.9509,16.9268,16.99,17.0,17.0,1870,1755,97
2023-02-22,09:05:32.573000,00632R,5.4179,5.4184,5.4182,5.41,5.42,5.42,41036,7712,67
2023-02-22,09:05:32.573000,00878,16.9118,16.9487,16.9292,16.99,17.0,17.0,1799,1710,162
2023-02-22,09:05:37.573000,00632R,5.4191,5.4202,5.4195,5.41,5.42,5.42,40986,7870,315
2023-02-22,09:05:37.573000,00878,16.9119,16.9478,16.9186,16.99,17.0,17.0,116,1652,1771
2023-02-22,09:05:42.573000,00632R,5.4191,5.42,5.4198,5.41,5.42,5.42,41201,7881,75
2023-02-22,09:05:42.573000,00878,16.9082,16.9472,16.9238,16.99,17.0,17.0,156,1681,78
2023-02-22,09:05:47.573000,00632R,5.4188,5.4193,5.4188,5.41,5.42,5.42,41349,6810,1428
2023-02-22,09:05:47.573000,00878,16.9078,16.9467,16.9235,16.99,17.0,17.0,120,1103,135
2023-02-22,09:05:52.573000,00632R,5.4191,5.4197,5.4195,5.41,5.42,5.42,41354,6673,145
2023-02-22,09:05:52.573000,00878,16.9084,16.9481,16.9251,16.98,16.99,16.99,2084,495,516
2023-02-22,09:05:57.573000,00632R,5.4198,5.4205,5.42,5.41,5.42,5.42,42038,5422,1504
2023-02-22,09:05:57.573000,00878,16.9076,16.9452,16.9217,16.98,16.99,16.99,1968,535,231
2023-02-22,09:06:02.590000,00632R,5.4201,5.4211,5.4203,5.42,5.43,5.42,2024,21701,5536
2023-02-22,09:06:02.590000,00878,16.9095,16.942,16.9213,16.98,16.99,16.99,2000,476,75
2023-02-22,09:06:07.607000,00632R,5.4206,5.4211,5.4209,5.42,5.43,5.42,4961,21751,415
2023-02-22,09:06:07.607000,00878,16.908,16.9401,16.9206,16.98,16.99,16.99,2086,417,86
2023-02-22,09:06:12.620000,00632R,5.4206,5.4214,5.4212,5.42,5.43,5.43,6301,21256,119
2023-02-22,09:06:12.620000,00878,16.908,16.9415,16.9225,16.98,16.99,16.99,2130,433,101
2023-02-22,09:06:17.637000,00632R,5.4215,5.4224,5.4222,5.42,5.43,5.42,11352,21227,90
2023-02-22,09:06:17.637000,00878,16.9086,16.9424,16.9218,16.98,16.99,16.99,2193,898,100
2023-02-22,09:06:22.650000,00632R,5.423,5.4238,5.423,5.42,5.43,5.43,16402,18884,64
2023-02-22,09:06:22.650000,00878,16.9071,16.9417,16.9242,16.98,16.99,16.99,1711,1372,605
2023-02-22,09:06:27.667000,00632R,5.4233,5.4238,5.4233,5.42,5.43,5.43,17548,18863,45
2023-02-22,09:06:27.667000,00878,16.9048,16.9392,16.9168,16.98,16.99,16.98,1171,1403,626
2023-02-22,09:06:32.667000,00632R,5.4245,5.4253,5.4251,5.42,5.43,5.43,19037,8403,117
2023-02-22,09:06:32.667000,00878,16.9029,16.9372,16.9188,16.97,16.98,16.98,1222,580,1327
2023-02-22,09:06:37.667000,00632R,5.4235,5.424,5.4238,5.42,5.43,5.43,19232,13439,78
2023-02-22,09:06:37.667000,00878,16.8973,16.9316,16.9056,16.97,16.98,16.98,1235,460,130
2023-02-22,09:06:42.667000,00632R,5.4235,5.424,5.4237,5.42,5.43,5.43,19554,13728,68
2023-02-22,09:06:42.667000,00878,16.898,16.9312,16.9076,16.97,16.98,16.97,1249,903,106
2023-02-22,09:06:47.683000,00632R,5.4241,5.4247,5.4247,5.42,5.43,5.42,19569,13198,160
2023-02-22,09:06:47.683000,00878,16.8966,16.93,16.9057,16.97,16.98,16.98,1293,851,69
2023-02-22,09:06:52.683000,00632R,5.4241,5.4247,5.424,5.42,5.43,5.43,19581,13306,55
2023-02-22,09:06:52.683000,00878,16.8982,16.9331,16.9045,16.97,16.98,16.98,1337,761,110
2023-02-22,09:06:57.683000,00632R,5.4235,5.4243,5.4237,5.42,5.43,5.43,19557,13325,43
2023-02-22,09:06:57.683000,00878,16.8993,16.9341,16.9069,16.97,16.98,16.98,1380,681,114
2023-02-22,09:07:02.697000,00632R,5.4219,5.4226,5.4221,5.42,5.43,5.43,19532,13614,203
2023-02-22,09:07:02.697000,00878,16.9,16.9348,16.9078,16.97,16.98,16.98,1442,1106,93
2023-02-22,09:07:07.713000,00632R,5.4206,5.4214,5.4208,5.42,5.43,5.43,15043,14053,112
2023-02-22,09:07:07.713000,00878,16.8999,16.9348,16.9095,16.97,16.98,16.98,1450,1032,146
2023-02-22,09:07:12.713000,00632R,5.4212,5.4217,5.4214,5.42,5.43,5.43,15042,14428,72
2023-02-22,09:07:12.713000,00878,16.9007,16.9352,16.9122,16.97,16.98,16.97,1498,916,166
2023-02-22,09:07:17.713000,00632R,5.4212,5.4217,5.4217,5.42,5.43,5.43,15523,14511,61
2023-02-22,09:07:17.713000,00878,16.9009,16.9352,16.9101,16.97,16.98,16.98,1708,854,68
2023-02-22,09:07:22.730000,00632R,5.4222,5.4227,5.4224,5.42,5.43,5.43,20014,14693,22
2023-02-22,09:07:22.730000,00878,16.9009,16.9388,16.9152,16.97,16.98,16.98,1754,783,77
2023-02-22,09:07:27.730000,00632R,5.4228,5.4235,5.423,5.42,5.43,5.43,20016,14362,53
2023-02-22,09:07:27.730000,00878,16.8986,16.9365,16.9131,16.97,16.98,16.98,1814,735,91
2023-02-22,09:07:32.747000,00632R,5.4231,5.4238,5.4236,5.42,5.43,5.43,19988,13879,50
2023-02-22,09:07:32.747000,00878,16.9005,16.9356,16.9112,16.97,16.98,16.98,1881,706,79
2023-02-22,09:07:37.760000,00632R,5.4233,5.4238,5.4233,5.42,5.43,5.43,20270,13453,6
2023-02-22,09:07:37.760000,00878,16.9015,16.936,16.9137,16.97,16.98,16.98,1926,647,71
2023-02-22,09:07:42.777000,00632R,5.4239,5.4245,5.4241,5.42,5.43,5.43,20377,13217,310
2023-02-22,09:07:42.777000,00878,16.8984,16.9356,16.9114,16.97,16.98,16.98,1997,742,120
2023-02-22,09:07:47.777000,00632R,5.4249,5.4256,5.4251,5.42,5.43,5.43,21405,8487,55
2023-02-22,09:07:47.777000,00878,16.8971,16.9306,16.9083,16.97,16.98,16.98,2077,623,150
2023-02-22,09:07:52.777000,00632R,5.4233,5.4241,5.4235,5.42,5.43,5.43,21400,13564,541
2023-02-22,09:07:52.777000,00878,16.8969,16.93,16.9099,16.97,16.98,16.97,2142,660,107
2023-02-22,09:07:57.777000,00632R,5.4219,5.4229,5.4224,5.42,5.43,5.43,21615,13865,76
2023-02-22,09:07:57.777000,00878,16.8983,16.9315,16.9147,16.97,16.98,16.98,2266,616,127
2023-02-22,09:08:02.790000,00632R,5.4222,5.4227,5.4227,5.42,5.43,5.43,21811,14356,37
2023-02-22,09:08:02.790000,00878,16.899,16.9321,16.9179,16.97,16.98,16.98,2310,955,116
2023-02-22,09:08:07.790000,00632R,5.4215,5.4224,5.4221,5.42,5.43,5.43,21814,14871,23
2023-02-22,09:08:07.790000,00878,16.9004,16.9336,16.9175,16.97,16.98,16.98,2372,861,155
2023-02-22,09:08:12.790000,00632R,5.4219,5.4224,5.4224,5.42,5.43,5.43,22001,14812,97
2023-02-22,09:08:12.790000,00878,16.9004,16.9335,16.9174,16.97,16.98,16.98,2442,801,60
2023-02-22,09:08:17.790000,00632R,5.4222,5.4227,5.4224,5.42,5.43,5.43,22500,14751,112
2023-02-22,09:08:17.790000,00878,16.899,16.9327,16.9144,16.97,16.98,16.98,2513,917,104
2023-02-22,09:08:22.790000,00632R,5.4215,5.4221,5.4217,5.42,5.43,5.43,22520,14625,202
2023-02-22,09:08:22.790000,00878,16.8989,16.9343,16.9153,16.97,16.98,16.98,2580,768,113
2023-02-22,09:08:27.790000,00632R,5.4222,5.4229,5.4224,5.42,5.43,5.43,22620,14715,51
2023-02-22,09:08:27.790000,00878,16.9009,16.937,16.9156,16.97,16.98,16.98,2659,663,105
2023-02-22,09:08:32.807000,00632R,5.4228,5.4233,5.423,5.42,5.43,5.43,22624,14813,43
2023-02-22,09:08:32.807000,00878,16.9014,16.9371,16.9154,16.97,16.98,16.98,2766,571,145
2023-02-22,09:08:37.807000,00632R,5.4225,5.4233,5.4233,5.42,5.43,5.42,22630,13285,1559
2023-02-22,09:08:37.807000,00878,16.8993,16.9371,16.9169,16.97,16.98,16.98,2873,408,170
2023-02-22,09:08:42.823000,00632R,5.4234,5.4239,5.4236,5.42,5.43,5.43,22631,12559,1
2023-02-22,09:08:42.823000,00878,16.901,16.937,16.9178,16.97,16.98,16.98,2950,737,170
2023-02-22,09:08:47.823000,00632R,5.4234,5.4239,5.4236,5.42,5.43,5.43,22632,12595,0
2023-02-22,09:08:47.823000,00878,16.901,16.937,16.917,16.97,16.98,16.97,3017,595,149
2023-02-22,09:08:52.837000,00632R,5.4225,5.423,5.4233,5.42,5.43,5.43,22589,12916,55
2023-02-22,09:08:52.837000,00878,16.9009,16.9371,16.916,16.97,16.98,16.98,3064,524,135
2023-02-22,09:08:57.853000,00632R,5.4228,5.4235,5.423,5.42,5.43,5.43,22549,12792,162
2023-02-22,09:08:57.853000,00878,16.9007,16.9365,16.9186,16.97,16.98,16.98,3121,251,285
2023-02-22,09:09:02.870000,00632R,5.4249,5.4257,5.4255,5.42,5.43,5.43,22542,8003,154
2023-02-22,09:09:02.870000,00878,16.9034,16.9385,16.9188,16.97,16.98,16.98,2787,1112,645
2023-02-22,09:09:07.887000,00632R,5.4249,5.4254,5.4252,5.42,5.43,5.43,22462,7905,236
2023-02-22,09:09:07.887000,00878,16.9002,16.9349,16.9125,16.97,16.98,16.98,2811,1759,120
2023-02-22,09:09:12.900000,00632R,5.4252,5.4257,5.4255,5.42,5.43,5.43,22822,7737,208
2023-02-22,09:09:12.900000,00878,16.8987,16.9338,16.9103,16.97,16.98,16.98,2321,1710,598
2023-02-22,09:09:17.917000,00632R,5.4255,5.4265,5.4261,5.42,5.43,5.43,24319,7221,212
2023-02-22,09:09:17.917000,00878,16.8986,16.9353,16.9115,16.97,16.98,16.98,2364,1572,123
2023-02-22,09:09:22.930000,00632R,5.4265,5.4275,5.4271,5.42,5.43,5.43,25317,6481,259
2023-02-22,09:09:22.930000,00878,16.8957,16.934,16.9158,16.97,16.98,16.98,2470,1489,88
2023-02-22,09:09:27.947000,00632R,5.427,5.4275,5.4271,5.42,5.43,5.43,40403,6178,324
2023-02-22,09:09:27.947000,00878,16.8929,16.9283,16.914,16.97,16.98,16.98,1882,1467,769
2023-02-22,09:09:32.947000,00632R,5.4268,5.4275,5.4268,5.42,5.43,5.43,26406,6085,11
2023-02-22,09:09:32.947000,00878,16.8921,16.9283,16.9148,16.97,16.98,16.98,1967,1806,61
2023-02-22,09:09:37.963000,00632R,5.4265,5.4275,5.4271,5.42,5.43,5.43,25903,5009,1066
2023-02-22,09:09:37.963000,00878,16.8914,16.9284,16.9117,16.97,16.98,16.98,1654,1722,502
2023-02-22,09:09:42.963000,00632R,5.4258,5.4263,5.4258,5.42,5.43,5.43,25401,4318,1271
2023-02-22,09:09:42.963000,00878,16.8922,16.9283,16.9133,16.97,16.98,16.98,1729,953,70
2023-02-22,09:09:47.963000,00632R,5.4255,5.426,5.4255,5.42,5.43,5.43,23904,4346,55
2023-02-22,09:09:47.963000,00878,16.8945,16.9291,16.912,16.97,16.98,16.98,1798,1344,108
2023-02-22,09:09:52.963000,00632R,5.4255,5.426,5.4255,5.42,5.43,5.43,24393,4745,35
2023-02-22,09:09:52.963000,00878,16.8945,16.9291,16.9151,16.97,16.98,16.98,1882,859,89
2023-02-22,09:09:57.963000,00632R,5.4255,5.4262,5.4255,5.42,5.43,5.43,24812,5177,200
2023-02-22,09:09:57.963000,00878,16.8945,16.9283,16.916,16.97,16.98,16.98,1972,1293,96
2023-02-22,09:10:02.977000,00632R,5.4255,5.4263,5.4261,5.42,5.43,5.43,26811,4965,361
2023-02-22,09:10:02.977000,00878,16.8936,16.9255,16.9129,16.97,16.98,16.98,2026,1719,96
2023-02-22,09:10:07.977000,00632R,5.4249,5.4257,5.4252,5.42,5.43,5.43,25416,4989,2
2023-02-22,09:10:07.977000,00878,16.8936,16.9281,16.9103,16.97,16.98,16.98,2090,1886,58
2023-02-22,09:10:12.977000,00632R,5.4261,5.4267,5.4261,5.42,5.43,5.43,27462,4897,0
2023-02-22,09:10:12.977000,00878,16.8943,16.9281,16.9064,16.97,16.98,16.98,2242,1789,108
2023-02-22,09:10:17.993000,00632R,5.4261,5.4269,5.4267,5.42,5.43,5.43,27433,4528,343
2023-02-22,09:10:17.993000,00878,16.8936,16.9281,16.9075,16.97,16.98,16.98,2278,1885,212
2023-02-22,09:10:23.010000,00632R,5.4261,5.4269,5.4263,5.42,5.43,5.43,27453,3963,176
2023-02-22,09:10:23.010000,00878,16.8928,16.927,16.9053,16.97,16.98,16.98,2321,1391,195
2023-02-22,09:10:28.027000,00632R,5.4258,5.4265,5.4262,5.42,5.43,5.43,27458,4273,24
2023-02-22,09:10:28.027000,00878,16.8928,16.9286,16.9083,16.97,16.98,16.98,2448,845,53
2023-02-22,09:10:33.040000,00632R,5.4252,5.426,5.4256,5.42,5.43,5.43,26250,4046,286
2023-02-22,09:10:33.040000,00878,16.8952,16.9306,16.9115,16.97,16.98,16.98,2533,1204,137
2023-02-22,09:10:38.057000,00632R,5.4249,5.4254,5.4249,5.42,5.43,5.43,26254,3601,476
2023-02-22,09:10:38.057000,00878,16.8953,16.9306,16.9131,16.97,16.98,16.98,2555,1520,116
2023-02-22,09:10:43.057000,00632R,5.4241,5.4248,5.4243,5.42,5.43,5.43,26265,8780,15
2023-02-22,09:10:43.057000,00878,16.8957,16.9307,16.9122,16.97,16.98,16.98,2605,1910,112
2023-02-22,09:10:48.057000,00632R,5.4234,5.4239,5.4236,5.42,5.43,5.43,25901,8919,30
2023-02-22,09:10:48.057000,00878,16.8937,16.929,16.9131,16.97,16.98,16.98,2742,1973,86
2023-02-22,09:10:53.070000,00632R,5.4223,5.423,5.4224,5.42,5.43,5.43,25940,9805,30
2023-02-22,09:10:53.070000,00878,16.8971,16.9316,16.9142,16.97,16.98,16.98,2796,1790,66
2023-02-22,09:10:58.070000,00632R,5.4223,5.423,5.4227,5.42,5.43,5.43,25971,10634,20
2023-02-22,09:10:58.070000,00878,16.8975,16.9324,16.9178,16.97,16.98,16.98,2828,1714,114
2023-02-22,09:11:03.070000,00632R,5.4217,5.4225,5.4223,5.42,5.43,5.42,25965,10644,4
2023-02-22,09:11:03.070000,00878,16.8982,16.934,16.9198,16.97,16.98,16.98,2920,1232,82
2023-02-22,09:11:08.070000,00632R,5.421,5.4219,5.4213,5.42,5.43,5.43,21494,11063,50
2023-02-22,09:11:08.070000,00878,16.9008,16.9349,16.9178,16.97,16.98,16.98,2957,1211,27
2023-02-22,09:11:13.087000,00632R,5.4213,5.4219,5.422,5.42,5.43,5.43,22055,11196,116
2023-02-22,09:11:13.087000,00878,16.9008,16.9327,16.9191,16.97,16.98,16.98,2969,1684,118
2023-02-22,09:11:18.087000,00632R,5.421,5.4219,5.4213,5.42,5.43,5.43,19346,11164,120
2023-02-22,09:11:18.087000,00878,16.9008,16.9335,16.9166,16.97,16.98,16.98,3028,1566,124
2023-02-22,09:11:23.103000,00632R,5.4199,5.4204,5.4201,5.42,5.43,5.42,17365,19700,122
2023-02-22,09:11:23.103000,00878,16.9009,16.9336,16.916,16.97,16.98,16.98,3118,1743,46
2023-02-22,09:11:28.117000,00632R,5.4205,5.4212,5.421,5.42,5.43,5.42,17255,19540,270
2023-02-22,09:11:28.117000,00878,16.9024,16.9351,16.9176,16.97,16.98,16.98,3306,1478,135
2023-02-22,09:11:33.117000,00632R,5.4208,5.4215,5.421,5.42,5.43,5.42,17226,17574,2234
2023-02-22,09:11:33.117000,00878,16.9023,16.9358,16.9204,16.97,16.98,16.98,3369,1405,73
2023-02-22,09:11:38.117000,00632R,5.4205,5.4212,5.4207,5.42,5.43,5.42,17312,17611,20
2023-02-22,09:11:38.117000,00878,16.9023,16.9358,16.9256,16.97,16.98,16.98,3421,1060,146
2023-02-22,09:11:43.133000,00632R,5.4205,5.4215,5.4207,5.42,5.43,5.42,16455,17628,27
2023-02-22,09:11:43.133000,00878,16.902,16.9351,16.9242,16.97,16.98,16.98,3502,1441,124
2023-02-22,09:11:48.133000,00632R,5.4208,5.4215,5.4213,5.42,5.43,5.42,17215,18121,12
2023-02-22,09:11:48.133000,00878,16.902,16.9351,16.9254,16.97,16.98,16.98,3577,1325,116
2023-02-22,09:11:53.150000,00632R,5.4202,5.4212,5.4207,5.42,5.43,5.43,17287,17626,1018
2023-02-22,09:11:53.150000,00878,16.902,16.9345,16.9262,16.97,16.98,16.98,3602,1237,123
2023-02-22,09:11:58.167000,00632R,5.4202,5.4209,5.4204,5.42,5.43,5.42,17239,17757,83
2023-02-22,09:11:58.167000,00878,16.9021,16.9353,16.9278,16.97,16.98,16.98,3660,1136,108
2023-02-22,09:12:03.180000,00632R,5.421,5.4219,5.421,5.42,5.43,5.42,17729,15803,509
2023-02-22,09:12:03.180000,00878,16.902,16.9359,16.9241,16.97,16.98,16.98,3206,1615,632
2023-02-22,09:12:08.180000,00632R,5.4217,5.4225,5.422,5.42,5.43,5.42,22706,15300,15
2023-02-22,09:12:08.180000,00878,16.9008,16.9351,16.9119,16.97,16.98,16.98,3284,1485,130
2023-02-22,09:12:13.197000,00632R,5.4213,5.4219,5.4217,5.42,5.43,5.42,18204,15312,509
2023-02-22,09:12:13.197000,00878,16.9002,16.9325,16.9166,16.97,16.98,16.98,3255,996,168
2023-02-22,09:12:18.210000,00632R,5.422,5.4225,5.422,5.42,5.43,5.42,22656,15746,558
2023-02-22,09:12:18.210000,00878,16.9001,16.9317,16.9158,16.97,16.98,16.98,3402,1426,100
2023-02-22,09:12:23.227000,00632R,5.422,5.4225,5.422,5.42,5.43,5.42,23117,15747,533
2023-02-22,09:12:23.227000,00878,16.9001,16.9335,16.9192,16.97,16.98,16.98,3419,1222,264
2023-02-22,09:12:28.243000,00632R,5.422,5.423,5.4223,5.42,5.43,5.42,23830,15790,509
2023-02-22,09:12:28.243000,00878,16.8987,16.932,16.9178,16.97,16.98,16.98,3461,1130,96
2023-02-22,09:12:33.257000,00632R,5.4213,5.4219,5.4217,5.42,5.43,5.42,16840,15832,513
2023-02-22,09:12:33.257000,00878,16.8988,16.9315,16.9197,16.97,16.98,16.98,3515,475,161
2023-02-22,09:12:38.273000,00632R,5.4205,5.4212,5.421,5.42,5.43,5.42,15848,17942,501
2023-02-22,09:12:38.273000,00878,16.8978,16.9308,16.9164,16.97,16.98,16.98,3541,724,260
2023-02-22,09:12:43.273000,00632R,5.4199,5.4204,5.4204,5.42,5.43,5.43,14849,19412,34
2023-02-22,09:12:43.273000,00878,16.9024,16.9354,16.9215,16.97,16.98,16.98,3650,385,346
2023-02-22,09:12:48.290000,00632R,5.4192,5.4201,5.4195,5.42,5.43,5.42,11979,19407,515
2023-02-22,09:12:48.290000,00878,16.9032,16.9377,16.9209,16.97,16.98,16.98,3754,108,278
2023-02-22,09:12:53.290000,00632R,5.4204,5.4209,5.4204,5.42,5.43,5.42,14260,19509,21
2023-02-22,09:12:53.290000,00878,16.9032,16.9363,16.9222,16.97,16.98,16.98,3809,483,124
2023-02-22,09:12:58.290000,00632R,5.4213,5.4222,5.4217,5.42,5.43,5.42,21764,17518,31
2023-02-22,09:12:58.290000,00878,16.903,16.9362,16.9222,16.97,16.98,16.98,3845,362,127
2023-02-22,09:13:03.290000,00632R,5.4204,5.4209,5.4204,5.42,5.43,5.42,13697,19528,602
2023-02-22,09:13:03.290000,00878,16.9038,16.9369,16.9218,16.97,16.98,16.98,3915,517,133
2023-02-22,09:13:08.307000,00632R,5.421,5.4215,5.421,5.42,5.43,5.42,13697,19579,1
2023-02-22,09:13:08.307000,00878,16.9037,16.9361,16.921,16.97,16.98,16.98,3973,429,93
2023-02-22,09:13:13.307000,00632R,5.4207,5.4215,5.4213,5.42,5.43,5.42,14146,19596,50
2023-02-22,09:13:13.307000,00878,16.9029,16.9367,16.9225,16.97,16.98,16.98,4035,798,168
2023-02-22,09:13:18.307000,00632R,5.4204,5.4209,5.4207,5.42,5.43,5.42,13496,19502,157
2023-02-22,09:13:18.307000,00878,16.9028,16.9347,16.9217,16.97,16.98,16.98,4096,687,120
2023-02-22,09:13:23.320000,00632R,5.4198,5.4206,5.4198,5.42,5.43,5.42,13336,19503,160
2023-02-22,09:13:23.320000,00878,16.9039,16.9356,16.9218,16.97,16.98,16.98,4175,1351,92
2023-02-22,09:13:28.337000,00632R,5.4198,5.4206,5.4204,5.42,5.43,5.42,13312,19620,34
2023-02-22,09:13:28.337000,00878,16.9053,16.9362,16.9233,16.97,16.98,16.98,4254,1230,123
2023-02-22,09:13:33.350000,00632R,5.4198,5.4203,5.4201,5.42,5.43,5.42,13148,19640,176
2023-02-22,09:13:33.350000,00878,16.9029,16.9377,16.9201,16.97,16.98,16.98,4318,1099,131
2023-02-22,09:13:38.350000,00632R,5.4198,5.4203,5.4198,5.42,5.43,5.42,13136,19628,27
2023-02-22,09:13:38.350000,00878,16.903,16.9377,16.9183,16.97,16.98,16.98,4386,1414,94
2023-02-22,09:13:43.367000,00632R,5.4195,5.42,5.4198,5.42,5.43,5.42,13239,19738,15
2023-02-22,09:13:43.367000,00878,16.903,16.9369,16.9149,16.97,16.98,16.98,4400,1491,126
2023-02-22,09:13:48.383000,00632R,5.4201,5.4209,5.4204,5.42,5.43,5.43,13229,19888,15
2023-02-22,09:13:48.383000,00878,16.9038,16.938,16.9139,16.97,16.98,16.98,4442,1463,87
2023-02-22,09:13:53.383000,00632R,5.4201,5.4206,5.4201,5.42,5.43,5.43,13328,19937,14
2023-02-22,09:13:53.383000,00878,16.9045,16.9393,16.9151,16.97,16.98,16.98,4546,1730,233
2023-02-22,09:13:58.383000,00632R,5.4198,5.4203,5.4195,5.42,5.43,5.42,13318,20031,10
2023-02-22,09:13:58.383000,00878,16.9053,16.9391,16.9164,16.97,16.98,16.98,4640,1546,174
2023-02-22,09:14:03.383000,00632R,5.418,5.4188,5.4188,5.42,5.43,5.42,7810,22702,521
2023-02-22,09:14:03.383000,00878,16.9047,16.9367,16.9147,16.97,16.98,16.98,4742,1431,134
2023-02-22,09:14:08.383000,00632R,5.4174,5.4179,5.4179,5.42,5.43,5.42,7640,22766,167
2023-02-22,09:14:08.383000,00878,16.9055,16.9368,16.9172,16.97,16.98,16.98,4806,885,146
2023-02-22,09:14:13.397000,00632R,5.4171,5.4179,5.4176,5.42,5.43,5.42,7175,22781,435
2023-02-22,09:14:13.397000,00878,16.9069,16.9382,16.9206,16.97,16.98,16.98,4844,755,130
2023-02-22,09:14:18.413000,00632R,5.4168,5.4176,5.4174,5.42,5.43,5.42,6938,22785,297
2023-02-22,09:14:18.413000,00878,16.9078,16.9386,16.9214,16.97,16.98,16.98,3890,1006,1167
2023-02-22,09:14:23.430000,00632R,5.4165,5.4173,5.4167,5.42,5.43,5.42,6470,22799,459
2023-02-22,09:14:23.430000,00878,16.9078,16.9399,16.9229,16.97,16.98,16.98,2932,923,1088
2023-02-22,09:14:28.430000,00632R,5.4174,5.4179,5.4174,5.42,5.43,5.42,6328,22839,162
2023-02-22,09:14:28.430000,00878,16.907,16.9398,16.9216,16.97,16.98,16.98,2960,854,119
2023-02-22,09:14:33.447000,00632R,5.4177,5.4185,5.418,5.42,5.43,5.42,6215,22791,179
2023-02-22,09:14:33.447000,00878,16.9069,16.9398,16.9223,16.97,16.98,16.98,3031,739,115
2023-02-22,09:14:38.447000,00632R,5.4162,5.4171,5.4166,5.42,5.43,5.42,6205,22807,10
2023-02-22,09:14:38.447000,00878,16.9082,16.9406,16.9256,16.97,16.98,16.98,3304,72,128
2023-02-22,09:14:43.460000,00632R,5.4159,5.4164,5.4164,5.42,5.43,5.42,6213,22795,31
2023-02-22,09:14:43.460000,00878,16.9089,16.9413,16.9248,16.97,16.98,16.98,3347,408,174
2023-02-22,09:14:48.477000,00632R,5.4159,5.4164,5.4161,5.42,5.43,5.42,6193,22801,20
2023-02-22,09:14:48.477000,00878,16.9097,16.9421,16.9264,16.98,16.99,16.97,5,1894,98
2023-02-22,09:14:53.493000,00632R,5.4153,5.4158,5.4152,5.42,5.43,5.42,6271,24314,43
2023-02-22,09:14:53.493000,00878,16.9114,16.943,16.9252,16.98,16.99,16.98,1,2093,126
2023-02-22,09:14:58.507000,00632R,5.4156,5.4164,5.4161,5.42,5.43,5.42,6269,24145,73
2023-02-22,09:14:58.507000,00878,16.9137,16.9446,16.9257,16.98,16.99,16.99,56,2092,12
2023-02-22,09:15:03.523000,00632R,5.4156,5.4161,5.4161,5.42,5.43,5.42,6265,24163,29
2023-02-22,09:15:03.523000,00878,16.9157,16.9472,16.9305,16.98,16.99,16.99,155,2082,28
2023-02-22,09:15:08.537000,00632R,5.4153,5.4161,5.4161,5.42,5.43,5.42,6262,24245,20
2023-02-22,09:15:08.537000,00878,16.9157,16.948,16.9312,16.98,16.99,16.99,328,2021,12
2023-02-22,09:15:13.553000,00632R,5.4153,5.4158,5.4155,5.42,5.43,5.43,6259,24237,36
2023-02-22,09:15:13.553000,00878,16.9168,16.9506,16.9299,16.98,16.99,16.99,454,1996,25
2023-02-22,09:15:18.553000,00632R,5.4156,5.4164,5.4158,5.42,5.43,5.42,6041,24092,310
2023-02-22,09:15:18.553000,00878,16.9176,16.9491,16.9303,16.98,16.99,16.99,582,2031,15
2023-02-22,09:15:23.553000,00632R,5.4159,5.4167,5.4167,5.42,5.43,5.42,6066,24102,10
2023-02-22,09:15:23.553000,00878,16.9175,16.9491,16.9348,16.98,16.99,16.99,689,1787,50
2023-02-22,09:15:28.553000,00632R,5.4156,5.4164,5.4161,5.42,5.43,5.42,5992,24160,101
2023-02-22,09:15:28.553000,00878,16.9176,16.9491,16.9325,16.98,16.99,16.99,780,1712,76
2023-02-22,09:15:33.570000,00632R,5.4156,5.4161,5.4158,5.42,5.43,5.42,5958,24119,90
2023-02-22,09:15:33.570000,00878,16.9191,16.9507,16.9359,16.98,16.99,16.99,897,1123,41
2023-02-22,09:15:38.570000,00632R,5.4153,5.4161,5.4158,5.42,5.43,5.42,5841,24124,127
2023-02-22,09:15:38.570000,00878,16.9191,16.9515,16.9367,16.98,16.99,16.99,1042,1101,22
2023-02-22,09:15:43.570000,00632R,5.4153,5.4158,5.4156,5.42,5.43,5.42,5827,24014,65
2023-02-22,09:15:43.570000,00878,16.9199,16.9515,16.9356,16.98,16.99,16.99,1149,1611,39
2023-02-22,09:15:48.570000,00632R,5.4156,5.4164,5.4156,5.42,5.43,5.42,6099,24004,38
2023-02-22,09:15:48.570000,00878,16.9171,16.9508,16.9368,16.98,16.99,16.99,1249,1071,51
2023-02-22,09:15:53.587000,00632R,5.4159,5.4167,5.4159,5.42,5.43,5.42,6088,24427,11
2023-02-22,09:15:53.587000,00878,16.9179,16.9515,16.939,16.98,16.99,16.99,1350,637,34
2023-02-22,09:15:58.587000,00632R,5.4156,5.4161,5.4159,5.42,5.43,5.42,6072,24435,16
2023-02-22,09:15:58.587000,00878,16.9195,16.9514,16.9379,16.98,16.99,16.99,1498,989,48
2023-02-22,09:16:03.587000,00632R,5.4138,5.4143,5.414,5.42,5.43,5.42,4510,23921,1470
2023-02-22,09:16:03.587000,00878,16.9196,16.9516,16.9383,16.98,16.99,16.99,1592,504,85
2023-02-22,09:16:08.600000,00632R,5.4111,5.4119,5.4119,5.41,5.42,5.42,18516,3908,4515
2023-02-22,09:16:08.600000,00878,16.9198,16.9518,16.9404,16.98,16.99,16.99,1708,398,58
2023-02-22,09:16:13.617000,00632R,5.4126,5.4134,5.4132,5.41,5.42,5.42,25502,4318,50
2023-02-22,09:16:13.617000,00878,16.9229,16.9556,16.9424,16.98,16.99,16.99,1792,264,138
2023-02-22,09:16:18.617000,00632R,5.4108,5.4116,5.411,5.41,5.42,5.42,18017,8203,74
2023-02-22,09:16:18.617000,00878,16.9278,16.9632,16.9469,16.98,16.99,16.99,1894,172,113
2023-02-22,09:16:23.630000,00632R,5.4103,5.411,5.4108,5.41,5.42,5.42,17029,9216,20
2023-02-22,09:16:23.630000,00878,16.9327,16.9669,16.9504,16.98,16.99,16.99,2265,67,105
2023-02-22,09:16:28.630000,00632R,5.4103,5.4113,5.4111,5.41,5.42,5.42,17029,9211,15
2023-02-22,09:16:28.630000,00878,16.935,16.969,16.9519,16.99,17.0,17.0,93,1237,70
2023-02-22,09:16:33.630000,00632R,5.4108,5.4116,5.4108,5.41,5.42,5.41,17515,9348,3
2023-02-22,09:16:33.630000,00878,16.9366,16.969,16.9517,16.99,17.0,17.0,215,1222,10
2023-02-22,09:16:38.647000,00632R,5.4087,5.4092,5.4095,5.41,5.42,5.41,5041,10361,0
2023-02-22,09:16:38.647000,00878,16.9368,16.9691,16.9535,16.99,17.0,17.0,427,1216,7
2023-02-22,09:16:43.663000,00632R,5.409,5.4095,5.4098,5.41,5.42,5.42,5521,10388,3
2023-02-22,09:16:43.663000,00878,16.9361,16.9684,16.9572,16.99,17.0,17.0,463,440,23
2023-02-22,09:16:48.663000,00632R,5.4093,5.4102,5.4095,5.41,5.42,5.41,5415,10391,123
2023-02-22,09:16:48.663000,00878,16.936,16.9684,16.9555,16.99,17.0,17.0,535,389,52
2023-02-22,09:16:53.677000,00632R,5.4114,5.4119,5.4114,5.41,5.42,5.41,12903,8245,1
2023-02-22,09:16:53.677000,00878,16.9366,16.97,16.9511,16.99,17.0,17.0,644,217,172
2023-02-22,09:16:58.693000,00632R,5.4114,5.4119,5.4117,5.41,5.42,5.42,13088,8542,31
2023-02-22,09:16:58.693000,00878,16.9376,16.971,16.9512,16.99,17.0,17.0,718,154,57
2023-02-22,09:17:03.710000,00632R,5.412,5.4128,5.4126,5.41,5.42,5.42,25563,6079,0
2023-02-22,09:17:03.710000,00878,16.9366,16.971,16.951,16.99,17.0,17.0,760,102,112
2023-02-22,09:17:08.710000,00632R,5.4124,5.4131,5.4129,5.41,5.42,5.41,25573,6538,31
2023-02-22,09:17:08.710000,00878,16.9376,16.9696,16.9546,16.99,17.0,17.0,800,7,53
2023-02-22,09:17:13.727000,00632R,5.4117,5.4122,5.4122,5.41,5.42,5.42,25579,6526,30
2023-02-22,09:17:13.727000,00878,16.937,16.9699,16.955,16.99,17.0,17.0,839,47,44
2023-02-22,09:17:18.727000,00632R,5.4105,5.411,5.4107,5.41,5.42,5.42,17605,9684,90
2023-02-22,09:17:18.727000,00878,16.9381,16.9689,16.9547,17.0,17.01,17.0,32,1556,4
2023-02-22,09:17:23.727000,00632R,5.4102,5.411,5.4107,5.41,5.42,5.42,17555,9686,4
2023-02-22,09:17:23.727000,00878,16.9371,16.9689,16.952,17.0,17.01,17.0,33,1556,63
2023-02-22,09:17:28.740000,00632R,5.4105,5.4113,5.411,5.41,5.42,5.41,17939,10235,118
2023-02-22,09:17:28.740000,00878,16.9379,16.9706,16.9532,17.0,17.01,17.01,109,1055,14
2023-02-22,09:17:33.757000,00632R,5.4105,5.4113,5.4113,5.41,5.42,5.42,17460,10432,10
2023-02-22,09:17:33.757000,00878,16.9377,16.9694,16.9513,17.0,17.01,17.01,31,1553,127
2023-02-22,09:17:38.770000,00632R,5.4108,5.4116,5.4116,5.41,5.42,5.42,17470,10453,0
2023-02-22,09:17:38.770000,00878,16.9385,16.9702,16.9514,17.0,17.01,17.01,121,1050,4
2023-02-22,09:17:43.787000,00632R,5.4108,5.4113,5.4108,5.41,5.42,5.42,17969,11011,0
2023-02-22,09:17:43.787000,00878,16.9385,16.9702,16.9519,17.0,17.01,17.01,163,1047,4
2023-02-22,09:17:48.787000,00632R,5.4111,5.4119,5.4117,5.41,5.42,5.42,17997,9171,0
2023-02-22,09:17:48.787000,00878,16.9382,16.9691,16.9517,17.0,17.01,17.01,182,1469,117
2023-02-22,09:17:53.803000,00632R,5.4105,5.4113,5.4111,5.41,5.42,5.42,17527,11192,91
2023-02-22,09:17:53.803000,00878,16.9383,16.9691,16.9535,17.0,17.01,17.0,185,1433,117
2023-02-22,09:17:58.803000,00632R,5.4096,5.4105,5.4102,5.41,5.42,5.41,17548,11207,4
2023-02-22,09:17:58.803000,00878,16.9389,16.9698,16.9559,17.0,17.01,17.01,258,985,21
2023-02-22,09:18:03.803000,00632R,5.4108,5.4113,5.4105,5.41,5.42,5.41,18047,11323,0
2023-02-22,09:18:03.803000,00878,16.9389,16.9697,16.9576,17.0,17.01,17.01,283,1434,63
2023-02-22,09:18:08.817000,00632R,5.4105,5.4113,5.4108,5.41,5.42,5.41,17553,11545,5
2023-02-22,09:18:08.817000,00878,16.9361,16.9697,16.9513,17.0,17.01,17.01,63,1378,355
2023-02-22,09:18:13.817000,00632R,5.4096,5.4107,5.4102,5.41,5.42,5.41,17550,11560,3
2023-02-22,09:18:13.817000,00878,16.9367,16.9711,16.9519,17.0,17.01,17.01,157,1374,6
2023-02-22,09:18:18.817000,00632R,5.4096,5.4104,5.4102,5.41,5.42,5.41,17581,11560,2
2023-02-22,09:18:18.817000,00878,16.9389,16.9732,16.9531,17.0,17.01,17.01,231,393,84
2023-02-22,09:18:23.817000,00632R,5.41,5.4107,5.4105,5.41,5.42,5.41,17581,11592,0
2023-02-22,09:18:23.817000,00878,16.9382,16.974,16.9542,17.0,17.01,17.01,336,1331,12
2023-02-22,09:18:28.833000,00632R,5.4108,5.4116,5.4114,5.41,5.42,5.41,17580,11592,2
2023-02-22,09:18:28.833000,00878,16.938,16.9699,16.9549,17.0,17.01,17.0,393,1261,28
2023-02-22,09:18:33.833000,00632R,5.4105,5.4113,5.4111,5.41,5.42,5.41,17584,11547,56
2023-02-22,09:18:33.833000,00878,16.938,16.9717,16.9552,17.0,17.01,17.01,444,748,15
2023-02-22,09:18:38.833000,00632R,5.4117,5.4125,5.4117,5.41,5.42,5.41,24567,9586,499
2023-02-22,09:18:38.833000,00878,16.9357,16.9691,16.9517,17.0,17.01,17.01,648,1299,9
2023-02-22,09:18:43.833000,00632R,5.4126,5.4134,5.4127,5.41,5.42,5.42,24559,9567,22
2023-02-22,09:18:43.833000,00878,16.9337,16.966,16.9545,17.0,17.01,17.01,744,1780,18
2023-02-22,09:18:48.833000,00632R,5.4132,5.4137,5.4133,5.41,5.42,5.41,25502,8257,60
2023-02-22,09:18:48.833000,00878,16.9326,16.9677,16.95,17.0,17.01,17.0,826,1741,8
2023-02-22,09:18:53.850000,00632R,5.4117,5.4128,5.412,5.41,5.42,5.42,25532,8189,71
2023-02-22,09:18:53.850000,00878,16.9323,16.9667,16.9524,17.0,17.01,17.01,870,1165,78
2023-02-22,09:18:58.850000,00632R,5.4122,5.4128,5.412,5.41,5.42,5.42,25533,8220,7
2023-02-22,09:18:58.850000,00878,16.9323,16.965,16.9509,17.0,17.01,17.0,817,1367,201
2023-02-22,09:19:03.850000,00632R,5.4111,5.4118,5.4117,5.41,5.42,5.42,18051,9716,0
2023-02-22,09:19:03.850000,00878,16.9317,16.9643,16.9375,17.0,17.01,17.01,1,1301,907
2023-02-22,09:19:08.867000,00632R,5.4117,5.4128,5.4119,5.41,5.42,5.42,25042,9601,19
2023-02-22,09:19:08.867000,00878,16.9316,16.966,16.9436,17.0,17.01,17.0,49,1300,4
2023-02-22,09:19:13.863000,00632R,5.4129,5.4134,5.4132,5.41,5.42,5.42,26040,8585,73
2023-02-22,09:19:13.863000,00878,16.9323,16.9667,16.9476,17.0,17.01,17.01,87,1966,83
2023-02-22,09:19:18.880000,00632R,5.4129,5.4134,5.4132,5.41,5.42,5.42,26044,8592,30
2023-02-22,09:19:18.880000,00878,16.9317,16.9678,16.9479,17.0,17.01,17.0,253,1965,2
2023-02-22,09:19:23.897000,00632R,5.4126,5.4131,5.4129,5.41,5.42,5.42,26044,8634,0
2023-02-22,09:19:23.897000,00878,16.9323,16.9662,16.9499,17.0,17.01,17.01,417,1465,3
2023-02-22,09:19:28.910000,00632R,5.4138,5.4143,5.4141,5.41,5.42,5.42,26055,7788,1
2023-02-22,09:19:28.910000,00878,16.9308,16.9653,16.9463,17.0,17.01,17.0,492,2008,7
2023-02-22,09:19:33.927000,00632R,5.4141,5.4152,5.4146,5.41,5.42,5.42,27053,6705,18
2023-02-22,09:19:33.927000,00878,16.9308,16.9666,16.9481,17.0,17.01,17.01,587,1991,27
2023-02-22,09:19:38.927000,00632R,5.415,5.4155,5.415,5.41,5.42,5.42,27258,5478,120
2023-02-22,09:19:38.927000,00878,16.9286,16.9627,16.9519,17.0,17.01,17.01,629,2262,12
2023-02-22,09:19:43.943000,00632R,5.4141,5.4152,5.4143,5.41,5.42,5.42,27688,6195,98
2023-02-22,09:19:43.943000,00878,16.9293,16.9628,16.9513,17.0,17.01,17.01,700,1969,14
2023-02-22,09:19:48.943000,00632R,5.4153,5.4158,5.4153,5.41,5.42,5.42,27748,3876,3
2023-02-22,09:19:48.943000,00878,16.9301,16.9642,16.948,17.0,17.01,17.01,826,2244,13
2023-02-22,09:19:53.943000,00632R,5.415,5.4155,5.415,5.41,5.42,5.42,27748,3893,3
2023-02-22,09:19:53.943000,00878,16.9301,16.9635,16.9473,17.0,17.01,17.01,912,2230,14
2023-02-22,09:19:58.943000,00632R,5.4146,5.4152,5.415,5.41,5.42,5.42,27753,4747,0
2023-02-22,09:19:58.943000,00878,16.9301,16.9636,16.948,17.0,17.01,17.01,929,1903,47
2023-02-22,09:20:03.943000,00632R,5.4138,5.4149,5.4143,5.41,5.42,5.42,27753,4708,7
2023-02-22,09:20:03.943000,00878,16.9302,16.9636,16.949,17.0,17.01,17.01,958,1811,42
2023-02-22,09:20:08.943000,00632R,5.4132,5.414,5.4134,5.41,5.42,5.42,28123,4754,40
2023-02-22,09:20:08.943000,00878,16.9309,16.9636,16.9489,17.0,17.01,17.01,1054,1850,11
2023-02-22,09:20:13.957000,00632R,5.414,5.4145,5.414,5.41,5.42,5.42,28123,4844,20
2023-02-22,09:20:13.957000,00878,16.9309,16.9636,16.9512,17.0,17.01,17.01,1117,1376,15
2023-02-22,09:20:18.957000,00632R,5.4132,5.4137,5.4134,5.41,5.42,5.42,28124,5168,20
2023-02-22,09:20:18.957000,00878,16.9322,16.9638,16.9519,17.0,17.01,17.01,1141,1380,8
2023-02-22,09:20:23.973000,00632R,5.4122,5.4128,5.4122,5.41,5.42,5.42,28124,6019,35
2023-02-22,09:20:23.973000,00878,16.9331,16.9673,16.9519,17.0,17.01,17.01,1193,1320,10
2023-02-22,09:20:28.990000,00632R,5.4117,5.4125,5.4122,5.41,5.42,5.42,28128,6472,60
2023-02-22,09:20:28.990000,00878,16.9317,16.9665,16.9519,17.0,17.01,17.01,1232,1268,52
2023-02-22,09:20:33.990000,00632R,5.4111,5.4121,5.4116,5.41,5.42,5.42,21252,8259,11
2023-02-22,09:20:33.990000,00878,16.9325,16.9674,16.9529,17.0,17.01,17.0,1272,1271,28
2023-02-22,09:20:39.003000,00632R,5.4114,5.4125,5.4119,5.41,5.42,5.42,28238,8262,0
2023-02-22,09:20:39.003000,00878,16.9355,16.9682,16.9525,17.0,17.01,17.01,1303,1250,21
2023-02-22,09:20:44.020000,00632R,5.4126,5.4131,5.4126,5.41,5.42,5.42,28243,8352,5
2023-02-22,09:20:44.020000,00878,16.9354,16.9681,16.9533,17.0,17.01,17.01,1351,1192,64
2023-02-22,09:20:49.037000,00632R,5.4126,5.4134,5.4129,5.41,5.42,5.42,28244,8114,52
2023-02-22,09:20:49.037000,00878,16.9362,16.9681,16.9532,17.0,17.01,17.01,1385,1189,14
2023-02-22,09:20:54.037000,00632R,5.4129,5.4137,5.4132,5.41,5.42,5.42,28281,8046,68
2023-02-22,09:20:54.037000,00878,16.9361,16.9681,16.9532,17.0,17.01,17.01,1446,1222,29
2023-02-22,09:20:59.037000,00632R,5.4122,5.4131,5.4129,5.41,5.42,5.42,28281,8799,0
2023-02-22,09:20:59.037000,00878,16.9359,16.9679,16.9513,17.0,17.01,17.01,1539,1118,54
2023-02-22,09:21:04.050000,00632R,5.4122,5.4128,5.4129,5.41,5.42,5.42,28541,8794,41
2023-02-22,09:21:04.050000,00878,16.9367,16.9686,16.953,17.0,17.01,17.01,1585,1084,45
2023-02-22,09:21:09.050000,00632R,5.4116,5.4125,5.4119,5.41,5.42,5.42,28511,8787,2
2023-02-22,09:21:09.050000,00878,16.9374,16.9693,16.9551,17.0,17.01,17.01,1637,854,35
2023-02-22,09:21:14.050000,00632R,5.4119,5.4128,5.4126,5.41,5.42,5.41,28520,8766,21
2023-02-22,09:21:14.050000,00878,16.9373,16.9701,16.957,17.0,17.01,17.01,1700,427,27
2023-02-22,09:21:19.050000,00632R,5.4119,5.4128,5.4122,5.41,5.42,5.42,28528,9260,22
2023-02-22,09:21:19.050000,00878,16.9378,16.9712,16.9617,17.0,17.01,17.01,1756,391,38
2023-02-22,09:21:24.067000,00632R,5.4122,5.4128,5.4126,5.41,5.42,5.42,28528,9759,0
2023-02-22,09:21:24.067000,00878,16.9377,16.9696,16.9616,17.0,17.01,17.01,1789,840,52
2023-02-22,09:21:29.067000,00632R,5.4122,5.4128,5.4122,5.41,5.42,5.42,28598,9759,20
2023-02-22,09:21:29.067000,00878,16.9384,16.9703,16.9625,17.0,17.01,17.01,1832,311,40
2023-02-22,09:21:34.083000,00632R,5.4119,5.4125,5.4119,5.41,5.42,5.42,28603,9749,10
2023-02-22,09:21:34.083000,00878,16.9377,16.9711,16.9603,17.0,17.01,17.01,1888,273,39
2023-02-22,09:21:39.097000,00632R,5.4116,5.4121,5.4119,5.41,5.42,5.42,28583,9754,0
2023-02-22,09:21:39.097000,00878,16.9378,16.9711,16.9601,17.0,17.01,17.01,1919,238,35
2023-02-22,09:21:44.097000,00632R,5.4108,5.4116,5.4113,5.41,5.42,5.41,22086,11783,12
2023-02-22,09:21:44.097000,00878,16.9385,16.9704,16.9595,17.0,17.01,17.01,1949,726,63
2023-02-22,09:21:49.097000,00632R,5.4108,5.4113,5.4113,5.41,5.42,5.41,19586,17779,499
2023-02-22,09:21:49.097000,00878,16.9378,16.9697,16.9608,17.0,17.01,17.01,1961,706,30
2023-02-22,09:21:54.113000,00632R,5.4126,5.4134,5.4129,5.41,5.42,5.42,27620,14335,450
2023-02-22,09:21:54.113000,00878,16.9376,16.9696,16.9579,17.0,17.01,17.01,1986,686,21
2023-02-22,09:21:59.113000,00632R,5.412,5.4128,5.4126,5.41,5.42,5.42,27620,14240,100
2023-02-22,09:21:59.113000,00878,16.9377,16.9696,16.9579,17.0,17.01,17.01,2026,1075,13
2023-02-22,09:22:04.130000,00632R,5.4114,5.4125,5.4119,5.41,5.42,5.42,27620,13691,75
2023-02-22,09:22:04.130000,00878,16.937,16.9689,16.9585,17.0,17.01,17.01,2040,716,10
2023-02-22,09:22:09.143000,00632R,5.4108,5.4113,5.4113,5.41,5.42,5.42,19132,16510,200
2023-02-22,09:22:09.143000,00878,16.938,16.97,16.9595,17.0,17.01,17.01,2089,650,66
2023-02-22,09:22:14.160000,00632R,5.4111,5.4121,5.4113,5.41,5.42,5.41,19623,14514,8
2023-02-22,09:22:14.160000,00878,16.938,16.9699,16.9607,17.0,17.01,17.01,2125,124,27
2023-02-22,09:22:19.177000,00632R,5.4108,5.4113,5.411,5.41,5.42,5.42,19124,16528,8
2023-02-22,09:22:19.177000,00878,16.9374,16.9704,16.959,17.0,17.01,17.01,2160,58,66
2023-02-22,09:22:24.190000,00632R,5.4108,5.4113,5.411,5.41,5.42,5.42,19753,16533,0
2023-02-22,09:22:24.190000,00878,16.9381,16.9711,16.9596,17.0,17.01,17.01,2190,33,36
2023-02-22,09:22:29.190000,00632R,5.4117,5.4125,5.4122,5.41,5.42,5.42,26799,14529,15
2023-02-22,09:22:29.190000,00878,16.938,16.9724,16.963,17.0,17.01,17.01,2205,19,64
2023-02-22,09:22:34.190000,00632R,5.4126,5.4131,5.4129,5.41,5.42,5.42,26799,14574,0
2023-02-22,09:22:34.190000,00878,16.9379,16.9732,16.963,17.0,17.01,17.01,2271,46,24
2023-02-22,09:22:39.190000,00632R,5.4126,5.4134,5.4132,5.41,5.42,5.42,27799,12603,0
2023-02-22,09:22:39.190000,00878,16.9381,16.9735,16.9609,17.0,17.01,17.01,2325,665,40
2023-02-22,09:22:44.207000,00632R,5.4135,5.414,5.4138,5.41,5.42,5.42,27795,11261,0
2023-02-22,09:22:44.207000,00878,16.9387,16.9734,16.9594,17.0,17.01,17.01,2337,1109,13
2023-02-22,09:22:49.207000,00632R,5.4129,5.4137,5.4129,5.41,5.42,5.41,27768,12106,30
2023-02-22,09:22:49.207000,00878,16.9396,16.9735,16.9596,17.0,17.01,17.01,2367,1096,13
2023-02-22,09:22:54.207000,00632R,5.4132,5.414,5.4135,5.41,5.42,5.42,27778,11237,29
2023-02-22,09:22:54.207000,00878,16.9397,16.9734,16.9598,17.0,17.01,17.01,2397,1061,35
2023-02-22,09:22:59.207000,00632R,5.4135,5.414,5.4135,5.41,5.42,5.42,27778,11282,0
2023-02-22,09:22:59.207000,00878,16.9405,16.9734,16.9598,17.0,17.01,17.01,2437,1046,18
2023-02-22,09:23:04.223000,00632R,5.4126,5.4134,5.4132,5.41,5.42,5.42,27783,11712,100
2023-02-22,09:23:04.223000,00878,16.9406,16.9725,16.9598,17.0,17.01,17.01,2416,1006,90
2023-02-22,09:23:09.237000,00632R,5.4114,5.4125,5.4119,5.41,5.42,5.42,27793,12961,0
2023-02-22,09:23:09.237000,00878,16.94,16.9736,16.9585,17.0,17.01,17.01,2435,570,32
2023-02-22,09:23:14.253000,00632R,5.4116,5.4125,5.4121,5.41,5.42,5.42,27793,13321,150
2023-02-22,09:23:14.253000,00878,16.9416,16.9736,16.959,17.0,17.01,17.01,2459,162,8
2023-02-22,09:23:19.270000,00632R,5.4111,5.4118,5.4118,5.41,5.42,5.42,26795,17418,0
2023-02-22,09:23:19.270000,00878,16.9417,16.9736,16.9592,17.0,17.01,17.01,2500,193,23
2023-02-22,09:23:24.283000,00632R,5.4111,5.4118,5.4118,5.41,5.42,5.41,26786,15523,14
2023-02-22,09:23:24.283000,00878,16.9425,16.9752,16.9607,17.0,17.01,17.01,2545,172,22
2023-02-22,09:23:29.300000,00632R,5.4108,5.4113,5.4115,5.41,5.42,5.41,19301,17729,0
2023-02-22,09:23:29.300000,00878,16.9444,16.9753,16.9632,17.0,17.01,17.01,2580,146,28
2023-02-22,09:23:34.317000,00632R,5.4108,5.4113,5.4115,5.41,5.42,5.41,19800,17730,0
2023-02-22,09:23:34.317000,00878,16.9437,16.9757,16.9645,17.0,17.01,17.01,2617,138,11
2023-02-22,09:23:39.330000,00632R,5.4108,5.4113,5.4112,5.41,5.42,5.41,19757,17763,43
2023-02-22,09:23:39.330000,00878,16.9437,16.9753,16.9664,17.0,17.01,17.01,2702,146,11
2023-02-22,09:23:44.347000,00632R,5.4108,5.4113,5.4115,5.41,5.42,5.41,19812,17765,16
2023-02-22,09:23:44.347000,00878,16.9437,16.9753,16.9664,17.0,17.01,17.01,2747,89,58
2023-02-22,09:23:49.363000,00632R,5.4105,5.411,5.411,5.41,5.42,5.41,19282,17885,41
2023-02-22,09:23:49.363000,00878,16.9438,16.9753,16.9679,17.0,17.01,17.01,3064,74,62
2023-02-22,09:23:54.377000,00632R,5.4111,5.4116,5.4113,5.41,5.42,5.41,19670,17875,16
2023-02-22,09:23:54.377000,00878,16.9454,16.9779,16.9642,17.0,17.01,17.01,2827,46,48
2023-02-22,09:23:59.393000,00632R,5.4116,5.4125,5.4119,5.41,5.42,5.41,26725,15609,320
2023-02-22,09:23:59.393000,00878,16.9454,16.9762,16.9646,17.01,17.02,17.01,20,2395,47
2023-02-22,09:24:04.410000,00632R,5.4116,5.4125,5.4116,5.41,5.42,5.41,26691,15629,34
2023-02-22,09:24:04.410000,00878,16.9454,16.9762,16.9637,17.01,17.02,17.01,67,2259,3
2023-02-22,09:24:09.427000,00632R,5.4117,5.4128,5.4126,5.41,5.42,5.42,26698,15663,5
2023-02-22,09:24:09.427000,00878,16.9453,16.9762,16.9639,17.01,17.02,17.01,86,2259,11
2023-02-22,09:24:14.440000,00632R,5.4111,5.4121,5.4113,5.41,5.42,5.41,19707,15667,5
2023-02-22,09:24:14.440000,00878,16.9462,16.9782,16.9659,17.01,17.02,17.01,138,2257,7
2023-02-22,09:24:19.457000,00632R,5.4111,5.4118,5.4116,5.41,5.42,5.41,19569,15918,140
2023-02-22,09:24:19.457000,00878,16.9463,16.9782,16.9651,17.01,17.02,17.02,176,2255,2
2023-02-22,09:24:24.457000,00632R,5.4105,5.4113,5.411,5.41,5.42,5.41,19569,17931,0
2023-02-22,09:24:24.457000,00878,16.9468,16.9787,16.9634,17.01,17.02,17.01,223,2253,14
2023-02-22,09:24:29.457000,00632R,5.4111,5.4121,5.4116,5.41,5.42,5.42,19527,15910,67
2023-02-22,09:24:29.457000,00878,16.9467,16.9787,16.9642,17.01,17.02,17.01,239,2255,0
2023-02-22,09:24:34.470000,00632R,5.4108,5.4115,5.4113,5.41,5.42,5.42,19930,15906,6
2023-02-22,09:24:34.470000,00878,16.9468,16.9787,16.9636,17.01,17.02,17.02,282,2263,4
2023-02-22,09:24:39.487000,00632R,5.4102,5.4107,5.4107,5.41,5.42,5.42,19437,17943,0
2023-02-22,09:24:39.487000,00878,16.9461,16.978,16.9647,17.01,17.02,17.02,299,2211,7
2023-02-22,09:24:44.503000,00632R,5.4098,5.4107,5.41,5.41,5.42,5.42,19437,17935,9
2023-02-22,09:24:44.503000,00878,16.9461,16.978,16.9632,17.01,17.02,17.02,393,2210,5
2023-02-22,09:24:49.503000,00632R,5.4105,5.411,5.4107,5.41,5.42,5.41,19427,17935,10
2023-02-22,09:24:49.503000,00878,16.9461,16.978,16.9639,17.01,17.02,17.02,409,2161,4
2023-02-22,09:24:54.517000,00632R,5.4098,5.4104,5.4107,5.41,5.42,5.41,19426,17935,0
2023-02-22,09:24:54.517000,00878,16.9461,16.978,16.9645,17.01,17.02,17.02,416,2153,13
2023-02-22,09:24:59.533000,00632R,5.4116,5.4125,5.4119,5.41,5.42,5.42,19426,17929,10
2023-02-22,09:24:59.533000,00878,16.9459,16.9786,16.9644,17.01,17.02,17.02,421,2147,16
2023-02-22,09:25:04.550000,00632R,5.4108,5.4115,5.4113,5.41,5.42,5.41,19940,15834,115
2023-02-22,09:25:04.550000,00878,16.946,16.978,16.9636,17.01,17.02,17.02,446,2183,14
2023-02-22,09:25:09.567000,00632R,5.4105,5.411,5.4107,5.41,5.42,5.41,19450,17830,2
2023-02-22,09:25:09.567000,00878,16.9453,16.9772,16.9629,17.01,17.02,17.02,472,2125,8
2023-02-22,09:25:14.567000,00632R,5.4095,5.41,5.4097,5.41,5.42,5.41,19451,17731,110
2023-02-22,09:25:14.567000,00878,16.9454,16.979,16.9662,17.01,17.02,17.02,531,2118,8
2023-02-22,09:25:19.567000,00632R,5.4098,5.4107,5.41,5.41,5.42,5.41,19450,17729,7
2023-02-22,09:25:19.567000,00878,16.9462,16.9782,16.9655,17.01,17.02,17.02,555,2118,1
2023-02-22,09:25:24.580000,00632R,5.4098,5.4104,5.41,5.41,5.42,5.41,19447,17738,3
2023-02-22,09:25:24.580000,00878,16.9464,16.979,16.9624,17.01,17.02,17.02,576,2223,16
2023-02-22,09:25:29.580000,00632R,5.4114,5.4121,5.4116,5.41,5.42,5.42,27032,15644,100
2023-02-22,09:25:29.580000,00878,16.9468,16.9795,16.962,17.01,17.02,17.02,602,2260,13
2023-02-22,09:25:34.580000,00632R,5.4119,5.4128,5.4126,5.41,5.42,5.42,27037,15644,0
2023-02-22,09:25:34.580000,00878,16.9447,16.9782,16.9616,17.01,17.02,17.02,114,2248,511
2023-02-22,09:25:39.597000,00632R,5.4119,5.4125,5.4122,5.41,5.42,5.42,27137,15694,0
2023-02-22,09:25:39.597000,00878,16.9435,16.9774,16.9625,17.01,17.02,17.02,134,2189,61
2023-02-22,09:25:44.610000,00632R,5.4122,5.4128,5.4122,5.41,5.42,5.42,27137,15600,0
2023-02-22,09:25:44.610000,00878,16.9434,16.9777,16.9642,17.01,17.02,17.02,213,2187,9
2023-02-22,09:25:49.627000,00632R,5.4111,5.4116,5.4113,5.41,5.42,5.42,20751,15550,50
2023-02-22,09:25:49.627000,00878,16.9444,16.9785,16.9629,17.01,17.02,17.02,13,2195,220
2023-02-22,09:25:54.627000,00632R,5.4114,5.4122,5.4119,5.41,5.42,5.42,27727,15546,6
2023-02-22,09:25:54.627000,00878,16.9465,16.9791,16.9602,17.01,17.02,17.01,32,2166,34
2023-02-22,09:25:59.643000,00632R,5.4105,5.411,5.411,5.41,5.42,5.41,20193,17542,100
2023-02-22,09:25:59.643000,00878,16.9466,16.9785,16.963,17.01,17.02,17.01,55,2154,14
2023-02-22,09:26:04.657000,00632R,5.4102,5.4107,5.4107,5.41,5.42,5.42,20193,17927,25
2023-02-22,09:26:04.657000,00878,16.9466,16.9785,16.9639,17.01,17.02,17.02,64,1650,3
2023-02-22,09:26:09.657000,00632R,5.4102,5.411,5.4107,5.41,5.42,5.42,20194,18037,11
2023-02-22,09:26:09.657000,00878,16.9466,16.9785,16.9644,17.01,17.02,17.02,85,1630,20
2023-02-22,09:26:14.657000,00632R,5.4105,5.411,5.4107,5.41,5.42,5.42,20194,18082,0
2023-02-22,09:26:14.657000,00878,16.9474,16.9793,16.9668,17.01,17.02,17.02,129,2115,14
2023-02-22,09:26:19.673000,00632R,5.4108,5.4113,5.411,5.41,5.42,5.42,20224,18180,0
2023-02-22,09:26:19.673000,00878,16.9474,16.9793,16.9685,17.01,17.02,17.02,152,1602,21
2023-02-22,09:26:24.673000,00632R,5.4108,5.4113,5.4113,5.41,5.42,5.41,20721,18280,2
2023-02-22,09:26:24.673000,00878,16.9459,16.9778,16.9693,17.01,17.02,17.02,176,2080,25
2023-02-22,09:26:29.673000,00632R,5.4108,5.4116,5.4113,5.41,5.42,5.41,20711,18300,20
2023-02-22,09:26:29.673000,00878,16.945,16.9778,16.9682,17.01,17.02,17.02,205,1580,2
2023-02-22,09:26:34.690000,00632R,5.4108,5.4113,5.4113,5.41,5.42,5.41,20689,18303,20
2023-02-22,09:26:34.690000,00878,16.945,16.9778,16.9682,17.01,17.02,17.02,248,1577,3
2023-02-22,09:26:39.690000,00632R,5.4108,5.4116,5.4108,5.41,5.42,5.41,20095,18307,100
2023-02-22,09:26:39.690000,00878,16.945,16.9778,16.9684,17.01,17.02,17.02,256,2036,41
2023-02-22,09:26:44.690000,00632R,5.4119,5.4125,5.4119,5.41,5.42,5.41,27580,16322,0
2023-02-22,09:26:44.690000,00878,16.9438,16.9757,16.9665,17.01,17.02,17.02,282,2034,7
2023-02-22,09:26:49.690000,00632R,5.4108,5.4113,5.411,5.41,5.42,5.41,20075,18336,20
2023-02-22,09:26:49.690000,00878,16.943,16.9758,16.9629,17.01,17.02,17.02,312,1519,16
2023-02-22,09:26:54.703000,00632R,5.4102,5.4107,5.4107,5.41,5.42,5.42,20075,18352,5
2023-02-22,09:26:54.703000,00878,16.943,16.9759,16.9638,17.01,17.02,17.02,380,1493,28
2023-02-22,09:26:59.703000,00632R,5.4102,5.4107,5.4107,5.41,5.42,5.41,20045,18362,30
2023-02-22,09:26:59.703000,00878,16.9422,16.9759,16.963,17.01,17.02,17.02,383,1394,103
2023-02-22,09:27:04.703000,00632R,5.4095,5.4104,5.41,5.41,5.42,5.42,20105,18356,11
2023-02-22,09:27:04.703000,00878,16.9434,16.976,16.9653,17.01,17.02,17.02,418,1383,11
2023-02-22,09:27:09.703000,00632R,5.4092,5.4097,5.4097,5.41,5.42,5.41,12765,18053,357
2023-02-22,09:27:09.703000,00878,16.9434,16.976,16.9637,17.01,17.02,17.02,419,1367,28
2023-02-22,09:27:14.720000,00632R,5.4078,5.4086,5.408,5.41,5.42,5.42,7274,18976,62
2023-02-22,09:27:14.720000,00878,16.9435,16.9761,16.9627,17.01,17.02,17.02,466,1395,19
2023-02-22,09:27:19.720000,00632R,5.4081,5.4086,5.4083,5.41,5.42,5.41,7669,19011,104
2023-02-22,09:27:19.720000,00878,16.9442,16.9768,16.9642,17.01,17.02,17.02,478,1393,4
2023-02-22,09:27:24.720000,00632R,5.4084,5.4089,5.4086,5.41,5.42,5.41,7614,19011,56
2023-02-22,09:27:24.720000,00878,16.9449,16.9767,16.9626,17.01,17.02,17.02,466,1385,8
2023-02-22,09:27:29.737000,00632R,5.4087,5.4095,5.4089,5.41,5.42,5.41,7614,19036,0
2023-02-22,09:27:29.737000,00878,16.9449,16.9767,16.9607,17.01,17.02,17.02,492,1423,13
2023-02-22,09:27:34.750000,00632R,5.4087,5.4092,5.4089,5.41,5.42,5.41,7554,19036,110
2023-02-22,09:27:34.750000,00878,16.9449,16.9767,16.9603,17.01,17.02,17.02,513,1367,7
2023-02-22,09:27:39.750000,00632R,5.4084,5.4092,5.4089,5.41,5.42,5.41,7551,19031,7
2023-02-22,09:27:39.750000,00878,16.9449,16.9767,16.9605,17.01,17.02,17.02,542,1396,8
2023-02-22,09:27:44.767000,00632R,5.4098,5.4104,5.4102,5.41,5.42,5.41,12136,19062,5
2023-02-22,09:27:44.767000,00878,16.9448,16.9766,16.9605,17.01,17.02,17.02,560,1434,27
2023-02-22,09:27:49.767000,00632R,5.4108,5.4113,5.4111,5.41,5.42,5.41,14132,19000,0
2023-02-22,09:27:49.767000,00878,16.9439,16.9757,16.962,17.01,17.02,17.02,2,1911,597
2023-02-22,09:27:54.767000,00632R,5.4114,5.4121,5.4114,5.41,5.42,5.42,14617,16704,300
2023-02-22,09:27:54.767000,00878,16.943,16.9748,16.9595,17.01,17.02,17.02,7,2416,4
2023-02-22,09:27:59.767000,00632R,5.4114,5.4121,5.4114,5.41,5.42,5.42,14789,16829,303
2023-02-22,09:27:59.767000,00878,16.943,16.9748,16.9591,17.01,17.02,17.02,18,2417,3
2023-02-22,09:28:04.783000,00632R,5.4116,5.4125,5.4117,5.41,5.42,5.42,21815,16959,0
2023-02-22,09:28:04.783000,00878,16.9431,16.9748,16.9623,17.01,17.02,17.02,21,2414,8
2023-02-22,09:28:09.783000,00632R,5.4113,5.4118,5.4121,5.41,5.42,5.42,21787,16549,440
2023-02-22,09:28:09.783000,00878,16.9422,16.9748,16.9567,17.01,17.02,17.02,39,2349,65
2023-02-22,09:28:14.783000,00632R,5.4116,5.4121,5.4118,5.41,5.42,5.42,21787,16584,0
2023-02-22,09:28:14.783000,00878,16.9422,16.9748,16.9575,17.01,17.02,17.02,50,2343,6
2023-02-22,09:28:19.783000,00632R,5.4116,5.4121,5.4121,5.41,5.42,5.42,21792,16589,0
2023-02-22,09:28:19.783000,00878,16.9422,16.974,16.9585,17.01,17.02,17.02,1,2345,63
2023-02-22,09:28:24.783000,00632R,5.4119,5.4125,5.4121,5.41,5.42,5.41,21772,16741,70
2023-02-22,09:28:24.783000,00878,16.9414,16.9732,16.9594,17.0,17.01,17.01,4440,35,17
2023-02-22,09:28:29.797000,00632R,5.4113,5.4118,5.4118,5.41,5.42,5.41,21283,16741,0
2023-02-22,09:28:29.797000,00878,16.9414,16.9732,16.9562,17.01,17.02,17.01,5,2350,21
2023-02-22,09:28:34.813000,00632R,5.4105,5.4112,5.4107,5.41,5.42,5.41,14307,18737,0
2023-02-22,09:28:34.813000,00878,16.9421,16.9747,16.9573,17.01,17.02,17.01,14,1846,8
2023-02-22,09:28:39.827000,00632R,5.4105,5.4112,5.411,5.41,5.42,5.41,14317,18730,0
2023-02-22,09:28:39.827000,00878,16.9415,16.9741,16.96,17.01,17.02,17.01,24,1846,6
2023-02-22,09:28:44.827000,00632R,5.4102,5.4107,5.4107,5.41,5.42,5.42,14318,18722,3
2023-02-22,09:28:44.827000,00878,16.9415,16.9742,16.9602,17.01,17.02,17.02,48,1835,11
2023-02-22,09:28:49.843000,00632R,5.4102,5.4112,5.411,5.41,5.42,5.42,14323,18732,0
2023-02-22,09:28:49.843000,00878,16.9407,16.9738,16.9558,17.01,17.02,17.02,79,2331,3
2023-02-22,09:28:54.843000,00632R,5.4105,5.4112,5.411,5.41,5.42,5.41,14298,18751,25
2023-02-22,09:28:54.843000,00878,16.9407,16.9749,16.9565,17.01,17.02,17.01,18,2346,71
2023-02-22,09:28:59.843000,00632R,5.4108,5.4115,5.411,5.41,5.42,5.41,14797,18751,0
2023-02-22,09:28:59.843000,00878,16.9415,16.9741,16.9556,17.01,17.02,17.01,100,2339,23
2023-02-22,09:29:04.860000,00632R,5.411,5.4118,5.4113,5.41,5.42,5.42,14849,16454,301
2023-02-22,09:29:04.860000,00878,16.9426,16.9741,16.957,17.01,17.02,17.02,115,2339,1
2023-02-22,09:29:09.877000,00632R,5.4113,5.4118,5.4113,5.41,5.42,5.42,14854,16459,0
2023-02-22,09:29:09.877000,00878,16.9436,16.9744,16.9572,17.01,17.02,17.02,54,2535,124
2023-02-22,09:29:14.877000,00632R,5.4107,5.4115,5.4107,5.41,5.42,5.42,14854,16459,0
2023-02-22,09:29:14.877000,00878,16.9436,16.9745,16.9568,17.01,17.02,17.02,132,2483,53
2023-02-22,09:29:19.877000,00632R,5.4105,5.4115,5.411,5.41,5.42,5.42,14357,18446,11
2023-02-22,09:29:19.877000,00878,16.9436,16.9751,16.9573,17.01,17.02,17.02,148,2483,0
2023-02-22,09:29:24.890000,00632R,5.4102,5.4109,5.4107,5.41,5.42,5.42,14357,18382,80
2023-02-22,09:29:24.890000,00878,16.9437,16.9751,16.9588,17.01,17.02,17.02,171,2482,1
2023-02-22,09:29:29.890000,00632R,5.4098,5.4106,5.4104,5.41,5.42,5.42,14361,18487,0
2023-02-22,09:29:29.890000,00878,16.9437,16.9751,16.9558,17.01,17.02,17.02,209,1979,4
2023-02-22,09:29:34.907000,00632R,5.4095,5.41,5.4097,5.41,5.42,5.42,14361,18461,25
2023-02-22,09:29:34.907000,00878,16.9446,16.976,16.9588,17.01,17.02,17.02,244,1976,8
2023-02-22,09:29:39.923000,00632R,5.4089,5.4097,5.4094,5.41,5.42,5.42,7425,18451,3
2023-02-22,09:29:39.923000,00878,16.9431,16.9745,16.9582,17.01,17.02,17.02,283,1972,4
2023-02-22,09:29:44.923000,00632R,5.4089,5.4097,5.4091,5.41,5.42,5.41,7361,18481,40
2023-02-22,09:29:44.923000,00878,16.9431,16.9739,16.9591,17.01,17.02,17.02,291,1965,13
2023-02-22,09:29:49.937000,00632R,5.4089,5.4097,5.4091,5.41,5.42,5.42,7361,18416,100
2023-02-22,09:29:49.937000,00878,16.9431,16.9739,16.9595,17.01,17.02,17.01,315,1957,18
2023-02-22,09:29:54.937000,00632R,5.4089,5.4097,5.4094,5.41,5.42,5.42,7361,18428,0
2023-02-22,09:29:54.937000,00878,16.9431,16.9739,16.9614,17.01,17.02,17.02,337,1957,2
2023-02-22,09:29:59.937000,00632R,5.4089,5.4097,5.4091,5.41,5.42,5.41,7571,18430,1
2023-02-22,09:29:59.937000,00878,16.9424,16.9739,16.9609,17.01,17.02,17.01,366,1950,7
2023-02-22,09:30:04.937000,00632R,5.4078,5.4088,5.4083,5.41,5.42,5.41,7072,18430,14
2023-02-22,09:30:04.937000,00878,16.9423,16.974,16.9657,17.01,17.02,17.02,395,1340,10
2023-02-22,09:30:09.937000,00632R,5.4074,5.408,5.4076,5.41,5.42,5.42,6979,18465,120
2023-02-22,09:30:09.937000,00878,16.9432,16.974,16.9657,17.01,17.02,17.02,410,1315,7
2023-02-22,09:30:14.953000,00632R,5.4081,5.4088,5.4083,5.41,5.42,5.41,7180,18465,5
2023-02-22,09:30:14.953000,00878,16.944,16.9748,16.9643,17.01,17.02,17.02,434,1359,7
2023-02-22,09:30:19.967000,00632R,5.4074,5.4085,5.4076,5.41,5.42,5.41,7279,18485,3
2023-02-22,09:30:19.967000,00878,16.944,16.9749,16.9646,17.01,17.02,17.02,472,1308,2
2023-02-22,09:30:24.983000,00632R,5.4074,5.408,5.4076,5.41,5.42,5.41,7359,18485,20
2023-02-22,09:30:24.983000,00878,16.9447,16.9756,16.9653,17.01,17.02,17.02,593,1302,6
2023-02-22,09:30:29.983000,00632R,5.4074,5.4083,5.408,5.41,5.42,5.41,7654,18485,5
2023-02-22,09:30:29.983000,00878,16.9464,16.9773,16.9635,17.01,17.02,17.02,604,1676,28
2023-02-22,09:30:35,00632R,5.4074,5.408,5.4073,5.41,5.42,5.41,7654,18487,0
2023-02-22,09:30:35,00878,16.9465,16.9781,16.9661,17.01,17.02,17.02,633,1664,12
2023-02-22,09:30:40,00632R,5.4074,5.4083,5.408,5.41,5.42,5.41,7665,18487,0
2023-02-22,09:30:40,00878,16.9458,16.9774,16.9632,17.01,17.02,17.02,663,1653,13
2023-02-22,09:30:45,00632R,5.4071,5.408,5.4073,5.41,5.42,5.41,7640,18553,25
2023-02-22,09:30:45,00878,16.9458,16.9766,16.9638,17.01,17.02,17.02,670,1568,56
2023-02-22,09:30:50,00632R,5.4071,5.408,5.4073,5.41,5.42,5.41,7638,18763,0
2023-02-22,09:30:50,00878,16.9458,16.9766,16.9644,17.01,17.02,17.02,682,1535,31
2023-02-22,09:30:55.017000,00632R,5.4068,5.4073,5.407,5.41,5.42,5.41,7638,18773,0
2023-02-22,09:30:55.017000,00878,16.9452,16.9761,16.9639,17.01,17.02,17.02,708,1508,27
2023-02-22,09:31:00.030000,00632R,5.4081,5.4086,5.408,5.41,5.42,5.41,7638,18773,0
2023-02-22,09:31:00.030000,00878,16.9452,16.976,16.9654,17.01,17.02,17.02,728,1099,9
2023-02-22,09:31:05.047000,00632R,5.4074,5.4085,5.4076,5.41,5.42,5.42,7533,18819,25
2023-02-22,09:31:05.047000,00878,16.9451,16.9766,16.9653,17.01,17.02,17.02,739,1497,2
2023-02-22,09:31:10.060000,00632R,5.4074,5.4082,5.4076,5.41,5.42,5.42,7533,18819,0
2023-02-22,09:31:10.060000,00878,16.9451,16.9766,16.9644,17.01,17.02,17.02,766,1491,7
2023-02-22,09:31:15.077000,00632R,5.408,5.4088,5.4083,5.41,5.42,5.42,7533,18873,0
2023-02-22,09:31:15.077000,00878,16.9457,16.9766,16.9663,17.01,17.02,17.02,776,1496,18
2023-02-22,09:31:20.093000,00632R,5.4089,5.4094,5.4089,5.41,5.42,5.42,8132,18640,233
2023-02-22,09:31:20.093000,00878,16.9457,16.9765,16.9651,17.01,17.02,17.02,797,1574,22
2023-02-22,09:31:25.107000,00632R,5.4086,5.4094,5.4088,5.41,5.42,5.42,8137,18660,0
2023-02-22,09:31:25.107000,00878,16.9457,16.9765,16.9671,17.01,17.02,17.02,812,1590,5
2023-02-22,09:31:30.107000,00632R,5.4071,5.4082,5.4075,5.41,5.42,5.42,7618,18660,0
2023-02-22,09:31:30.107000,00878,16.9458,16.9766,16.9655,17.01,17.02,17.02,789,1510,30
2023-02-22,09:31:35.123000,00632R,5.4065,5.4073,5.4075,5.41,5.42,5.42,7618,18660,2
2023-02-22,09:31:35.123000,00878,16.9465,16.9773,16.9655,17.01,17.02,17.02,791,1086,24
2023-02-22,09:31:40.123000,00632R,5.4065,5.4073,5.4072,5.41,5.42,5.42,7618,18682,0
2023-02-22,09:31:40.123000,00878,16.9465,16.9773,16.9664,17.01,17.02,17.02,790,1125,22
2023-02-22,09:31:45.123000,00632R,5.4059,5.4064,5.4063,5.41,5.42,5.42,7618,18683,0
2023-02-22,09:31:45.123000,00878,16.9455,16.9774,16.9642,17.01,17.02,17.02,1084,1118,8
2023-02-22,09:31:50.123000,00632R,5.4062,5.4067,5.4069,5.41,5.42,5.41,7608,18720,10
2023-02-22,09:31:50.123000,00878,16.9459,16.9789,16.9635,17.01,17.02,17.02,820,1118,5
2023-02-22,09:31:55.123000,00632R,5.4068,5.4073,5.4075,5.41,5.42,5.41,7608,18720,0
2023-02-22,09:31:55.123000,00878,16.9458,16.9777,16.9635,17.01,17.02,17.02,835,1498,20
2023-02-22,09:32:00.140000,00632R,5.4083,5.4088,5.4085,5.41,5.42,5.42,8117,18500,235
2023-02-22,09:32:00.140000,00878,16.9457,16.9776,16.9646,17.01,17.02,17.02,867,1535,13
2023-02-22,09:32:05.157000,00632R,5.4089,5.4097,5.4094,5.41,5.42,5.42,8117,18544,2
2023-02-22,09:32:05.157000,00878,16.9456,16.9775,16.9652,17.01,17.02,17.02,900,1528,7
2023-02-22,09:32:10.170000,00632R,5.4086,5.4091,5.4091,5.41,5.42,5.42,8092,18519,55
2023-02-22,09:32:10.170000,00878,16.9449,16.9768,16.966,17.01,17.02,17.02,909,1531,10
2023-02-22,09:32:15.170000,00632R,5.4089,5.4094,5.4091,5.41,5.42,5.42,8092,18559,0
2023-02-22,09:32:15.170000,00878,16.9448,16.9767,16.9663,17.01,17.02,17.02,917,1516,17
2023-02-22,09:32:20.170000,00632R,5.4083,5.4091,5.4088,5.41,5.42,5.41,8084,18474,110
2023-02-22,09:32:20.170000,00878,16.9449,16.9768,16.9652,17.01,17.02,17.02,924,1496,21
2023-02-22,09:32:25.187000,00632R,5.4086,5.4091,5.4088,5.41,5.42,5.41,8085,18474,0
2023-02-22,09:32:25.187000,00878,16.9449,16.9768,16.966,17.01,17.02,17.02,953,1480,17
2023-02-22,09:32:30.187000,00632R,5.4081,5.4088,5.4088,5.41,5.42,5.41,7556,18429,20
2023-02-22,09:32:30.187000,00878,16.9449,16.9768,16.9645,17.01,17.02,17.02,956,1479,1
2023-02-22,09:32:35.200000,00632R,5.4089,5.4097,5.4097,5.41,5.42,5.41,8065,18428,0
2023-02-22,09:32:35.200000,00878,16.9442,16.9761,16.9665,17.01,17.02,17.02,969,1473,7
2023-02-22,09:32:40.217000,00632R,5.4095,5.4103,5.41,5.41,5.42,5.42,13066,18403,25
2023-02-22,09:32:40.217000,00878,16.9442,16.9761,16.9658,17.01,17.02,17.02,978,1455,17
2023-02-22,09:32:45.233000,00632R,5.4095,5.4106,5.41,5.41,5.42,5.42,13068,18638,0
2023-02-22,09:32:45.233000,00878,16.9441,16.9761,16.9669,17.01,17.02,17.02,987,1947,11
2023-02-22,09:32:50.247000,00632R,5.4102,5.4109,5.4107,5.41,5.42,5.42,15084,18757,5
2023-02-22,09:32:50.247000,00878,16.9441,16.976,16.9667,17.01,17.02,17.02,1078,1525,23
2023-02-22,09:32:55.247000,00632R,5.4095,5.41,5.4104,5.41,5.42,5.42,15102,18760,0
2023-02-22,09:32:55.247000,00878,16.9442,16.9761,16.9659,17.01,17.02,17.02,1093,1883,15
2023-02-22,09:33:00.247000,00632R,5.4089,5.4094,5.4097,5.41,5.42,5.42,8096,18755,45
2023-02-22,09:33:00.247000,00878,16.9442,16.9761,16.9611,17.01,17.02,17.02,1108,1842,23
2023-02-22,09:33:05.263000,00632R,5.4071,5.4076,5.4073,5.41,5.42,5.42,7595,18763,0
2023-02-22,09:33:05.263000,00878,16.9444,16.9774,16.9622,17.01,17.02,17.02,1110,1279,14
2023-02-22,09:33:10.263000,00632R,5.4065,5.407,5.4067,5.41,5.42,5.41,7685,18563,293
2023-02-22,09:33:10.263000,00878,16.9444,16.9775,16.9636,17.01,17.02,17.02,1109,1428,16
2023-02-22,09:33:15.280000,00632R,5.4071,5.4076,5.4076,5.41,5.42,5.41,7685,18563,0
2023-02-22,09:33:15.280000,00878,16.9455,16.9774,16.9621,17.01,17.02,17.02,1146,1419,9
2023-02-22,09:33:20.297000,00632R,5.4065,5.4073,5.4073,5.41,5.42,5.41,7799,18563,0
2023-02-22,09:33:20.297000,00878,16.9455,16.9775,16.9607,17.01,17.02,17.02,1157,1416,3
2023-02-22,09:33:25.310000,00632R,5.4071,5.408,5.4076,5.41,5.42,5.41,7799,18563,0
2023-02-22,09:33:25.310000,00878,16.9463,16.9782,16.9647,17.01,17.02,17.02,1178,1402,16
2023-02-22,09:33:30.310000,00632R,5.4074,5.408,5.408,5.41,5.42,5.41,7809,18758,35
2023-02-22,09:33:30.310000,00878,16.9462,16.9782,16.9628,17.01,17.02,17.02,1212,1523,19
2023-02-22,09:33:35.327000,00632R,5.4089,5.4094,5.4092,5.41,5.42,5.41,8358,18758,4
2023-02-22,09:33:35.327000,00878,16.9468,16.9787,16.9625,17.01,17.02,17.02,1215,1504,19
2023-02-22,09:33:40.340000,00632R,5.4084,5.4094,5.4086,5.41,5.42,5.41,8358,18782,0
2023-02-22,09:33:40.340000,00878,16.9468,16.9787,16.9667,17.01,17.02,17.02,1224,1500,4
2023-02-22,09:33:45.340000,00632R,5.4084,5.4091,5.4089,5.41,5.42,5.41,8365,18772,12
2023-02-22,09:33:45.340000,00878,16.9468,16.9787,16.9607,17.01,17.02,17.02,1183,1889,110
2023-02-22,09:33:50.340000,00632R,5.4084,5.4091,5.4086,5.41,5.42,5.42,8662,18762,13
2023-02-22,09:33:50.340000,00878,16.9474,16.9793,16.9614,17.01,17.02,17.02,1190,1385,5
2023-02-22,09:33:55.340000,00632R,5.4084,5.4092,5.4089,5.41,5.42,5.42,8662,18782,0
2023-02-22,09:33:55.340000,00878,16.9474,16.9793,16.9613,17.01,17.02,17.02,1211,1868,17
2023-02-22,09:34:00.357000,00632R,5.4081,5.4086,5.4089,5.41,5.42,5.42,8165,18882,0
2023-02-22,09:34:00.357000,00878,16.9475,16.9794,16.9622,17.01,17.02,17.02,1222,1362,7
2023-02-22,09:34:05.373000,00632R,5.4078,5.4086,5.4083,5.41,5.42,5.41,8093,18882,72
2023-02-22,09:34:05.373000,00878,16.9483,16.9807,16.9607,17.01,17.02,17.02,1184,1340,72
2023-02-22,09:34:10.387000,00632R,5.4089,5.4097,5.4089,5.41,5.42,5.41,8587,18882,20
2023-02-22,09:34:10.387000,00878,16.9482,16.9802,16.9658,17.01,17.02,17.02,1184,1321,29
2023-02-22,09:34:15.403000,00632R,5.4095,5.41,5.41,5.41,5.42,5.42,13576,18880,11
2023-02-22,09:34:15.403000,00878,16.9476,16.9795,16.9607,17.01,17.02,17.02,1200,1794,26
2023-02-22,09:34:20.420000,00632R,5.4098,5.4104,5.4104,5.41,5.42,5.41,13516,18875,101
2023-02-22,09:34:20.420000,00878,16.9482,16.9801,16.9569,17.01,17.02,17.02,208,1981,1016
2023-02-22,09:34:25.420000,00632R,5.4098,5.4109,5.41,5.41,5.42,5.41,15493,19004,0
2023-02-22,09:34:25.420000,00878,16.9482,16.9801,16.9517,17.01,17.02,17.02,213,1978,8
2023-02-22,09:34:30.420000,00632R,5.4102,5.4112,5.4107,5.41,5.42,5.42,15493,19016,5
2023-02-22,09:34:30.420000,00878,16.9482,16.9801,16.952,17.01,17.02,17.02,235,1566,13
2023-02-22,09:34:35.433000,00632R,5.4098,5.4104,5.41,5.41,5.42,5.42,15494,18991,25
2023-02-22,09:34:35.433000,00878,16.9476,16.9795,16.9573,17.01,17.02,17.02,247,1550,18
2023-02-22,09:34:40.433000,00632R,5.4105,5.4115,5.411,5.41,5.42,5.42,15484,18952,39
2023-02-22,09:34:40.433000,00878,16.9475,16.979,16.9565,17.01,17.02,17.02,276,1517,35
2023-02-22,09:34:45.450000,00632R,5.4105,5.4115,5.411,5.41,5.42,5.42,15484,19075,10
2023-02-22,09:34:45.450000,00878,16.9475,16.9784,16.9572,17.01,17.02,17.02,285,1514,8
2023-02-22,09:34:50.467000,00632R,5.4105,5.4112,5.411,5.41,5.42,5.42,15484,19065,10
2023-02-22,09:34:50.467000,00878,16.9475,16.9784,16.9572,17.01,17.02,17.02,300,1896,18
2023-02-22,09:34:55.480000,00632R,5.4105,5.4112,5.4107,5.41,5.42,5.42,15584,19003,0
2023-02-22,09:34:55.480000,00878,16.9475,16.9784,16.9546,17.01,17.02,17.02,317,1885,11
2023-02-22,09:35:00.497000,00632R,5.4105,5.4112,5.4107,5.41,5.42,5.42,15684,19019,0
2023-02-22,09:35:00.497000,00878,16.9475,16.9784,16.9543,17.01,17.02,17.02,337,1486,4
2023-02-22,09:35:05.497000,00632R,5.4105,5.4112,5.4107,5.41,5.42,5.42,15744,19049,10
2023-02-22,09:35:05.497000,00878,16.9475,16.9784,16.9595,17.01,17.02,17.02,354,1480,6
2023-02-22,09:35:10.513000,00632R,5.411,5.4115,5.4113,5.41,5.42,5.42,16248,17053,0
2023-02-22,09:35:10.513000,00878,16.9475,16.9783,16.9577,17.01,17.02,17.01,319,1757,53
2023-02-22,09:35:15.527000,00632R,5.4113,5.4118,5.4113,5.41,5.42,5.41,16193,17063,126
2023-02-22,09:35:15.527000,00878,16.9458,16.9766,16.9584,17.01,17.02,17.02,223,1749,108
2023-02-22,09:35:20.560000,00632R,5.4119,5.4127,5.4119,5.41,5.42,5.41,23169,17072,10
2023-02-22,09:35:20.560000,00878,16.9457,16.9766,16.957,17.01,17.02,17.02,229,1757,2
2023-02-22,09:35:25.560000,00632R,5.4131,5.4139,5.4132,5.41,5.42,5.41,29153,14847,4
2023-02-22,09:35:25.560000,00878,16.9436,16.9745,16.9464,17.0,17.01,17.01,6076,497,248
2023-02-22,09:35:30.577000,00632R,5.4134,5.4142,5.4138,5.41,5.42,5.41,29148,13750,105
2023-02-22,09:35:30.577000,00878,16.943,16.9739,16.9511,17.0,17.01,17.01,6088,488,9
2023-02-22,09:35:35.573000,00632R,5.4134,5.4139,5.4135,5.41,5.42,5.41,29348,13751,0
2023-02-22,09:35:35.573000,00878,16.9413,16.973,16.9548,17.0,17.01,17.01,6111,521,21
2023-02-22,09:35:40.573000,00632R,5.4122,5.4133,5.4126,5.41,5.42,5.41,29308,13811,40
2023-02-22,09:35:40.573000,00878,16.9414,16.9722,16.9536,17.0,17.01,17.01,6140,3,13
2023-02-22,09:35:45.590000,00632R,5.4131,5.4139,5.4132,5.41,5.42,5.42,29308,14259,50
2023-02-22,09:35:45.590000,00878,16.9407,16.9716,16.9567,17.0,17.01,17.01,6174,143,4
2023-02-22,09:35:50.590000,00632R,5.4131,5.4139,5.4135,5.41,5.42,5.42,29308,14264,0
2023-02-22,09:35:50.590000,00878,16.9407,16.9724,16.9567,17.0,17.01,17.01,6190,111,33
2023-02-22,09:35:55.590000,00632R,5.4131,5.4141,5.4135,5.41,5.42,5.42,29421,13282,10
2023-02-22,09:35:55.590000,00878,16.9407,16.9724,16.9574,17.0,17.01,17.01,6211,90,22
2023-02-22,09:36:00.590000,00632R,5.4134,5.4144,5.4138,5.41,5.42,5.42,29441,13282,0
2023-02-22,09:36:00.590000,00878,16.9407,16.9715,16.9536,17.0,17.01,17.01,6259,50,40
2023-02-22,09:36:05.607000,00632R,5.4137,5.4142,5.4142,5.41,5.42,5.42,29438,13259,23
2023-02-22,09:36:05.607000,00878,16.9396,16.9731,16.9519,17.0,17.01,17.01,6291,98,12
2023-02-22,09:36:10.620000,00632R,5.4131,5.4138,5.4136,5.41,5.42,5.42,29458,13639,150
2023-02-22,09:36:10.620000,00878,16.9397,16.9721,16.9546,17.0,17.01,17.01,6305,81,22
2023-02-22,09:36:15.637000,00632R,5.4116,5.4127,5.4123,5.41,5.42,5.42,29463,14482,10
2023-02-22,09:36:15.637000,00878,16.9397,16.9713,16.9556,17.0,17.01,17.01,6348,77,6
2023-02-22,09:36:20.637000,00632R,5.411,5.4118,5.4117,5.41,5.42,5.42,29463,14927,57
2023-02-22,09:36:20.637000,00878,16.9397,16.9723,16.955,17.0,17.01,17.01,6382,72,17
2023-02-22,09:36:25.653000,00632R,5.411,5.4115,5.4114,5.41,5.42,5.42,21978,17921,0
2023-02-22,09:36:25.653000,00878,16.9405,16.973,16.9563,17.0,17.01,17.01,6401,1,71
2023-02-22,09:36:30.667000,00632R,5.4104,5.4112,5.4111,5.41,5.42,5.42,21499,17919,5
2023-02-22,09:36:30.667000,00878,16.9415,16.9731,16.9539,17.01,17.02,17.01,12,1728,1
2023-02-22,09:36:35.683000,00632R,5.4104,5.4112,5.4111,5.41,5.42,5.42,21509,18314,0
2023-02-22,09:36:35.683000,00878,16.9405,16.9737,16.9571,17.01,17.02,17.01,40,1728,0
2023-02-22,09:36:40.683000,00632R,5.4113,5.4123,5.412,5.41,5.42,5.42,28994,16321,9
2023-02-22,09:36:40.683000,00878,16.9414,16.9736,16.958,17.01,17.02,17.01,53,2008,1
2023-02-22,09:36:45.683000,00632R,5.411,5.4115,5.4114,5.41,5.42,5.42,22008,16326,0
2023-02-22,09:36:45.683000,00878,16.9414,16.973,16.9571,17.01,17.02,17.01,65,1728,0
2023-02-22,09:36:50.700000,00632R,5.4104,5.4109,5.4109,5.41,5.42,5.42,21509,18322,0
2023-02-22,09:36:50.700000,00878,16.9415,16.9731,16.9554,17.01,17.02,17.02,114,1727,1
2023-02-22,09:36:55.700000,00632R,5.4107,5.4115,5.4115,5.41,5.42,5.42,28994,18322,0
2023-02-22,09:36:55.700000,00878,16.9414,16.973,16.9554,17.01,17.02,17.02,127,1987,20
2023-02-22,09:37:00.700000,00632R,5.4107,5.4112,5.4112,5.41,5.42,5.42,22005,18319,3
2023-02-22,09:37:00.700000,00878,16.9421,16.9737,16.9546,17.01,17.02,17.01,141,1705,3
2023-02-22,09:37:05.700000,00632R,5.4098,5.4106,5.4109,5.41,5.42,5.42,21491,18284,35
2023-02-22,09:37:05.700000,00878,16.9421,16.9737,16.9555,17.01,17.02,17.01,142,1698,12
2023-02-22,09:37:10.700000,00632R,5.4098,5.4106,5.4099,5.41,5.42,5.41,21471,18276,28
2023-02-22,09:37:10.700000,00878,16.9421,16.9738,16.9556,17.01,17.02,17.02,165,1683,17
2023-02-22,09:37:15.697000,00632R,5.4095,5.4103,5.4103,5.41,5.42,5.42,21471,17765,511
2023-02-22,09:37:15.697000,00878,16.9434,16.9742,16.9595,17.01,17.02,17.02,192,1684,5
2023-02-22,09:37:20.713000,00632R,5.4092,5.4103,5.4099,5.41,5.42,5.42,14885,17785,0
2023-02-22,09:37:20.713000,00878,16.9426,16.9742,16.9602,17.01,17.02,17.02,203,2084,0
2023-02-22,09:37:25.730000,00632R,5.4104,5.4109,5.4106,5.41,5.42,5.42,21871,17775,10
2023-02-22,09:37:25.730000,00878,16.9431,16.9747,16.9596,17.01,17.02,17.02,231,2068,25
2023-02-22,09:37:30.747000,00632R,5.4107,5.4115,5.4109,5.41,5.42,5.42,22410,17227,549
2023-02-22,09:37:30.747000,00878,16.9439,16.9755,16.9596,17.01,17.02,17.02,262,2064,5
2023-02-22,09:37:35.760000,00632R,5.4092,5.4103,5.4096,5.41,5.42,5.42,14935,17225,2
2023-02-22,09:37:35.760000,00878,16.9421,16.9737,16.9597,17.01,17.02,17.02,280,2055,10
2023-02-22,09:37:40.777000,00632R,5.411,5.4115,5.4112,5.41,5.42,5.42,22320,17226,0
2023-02-22,09:37:40.777000,00878,16.942,16.9736,16.9578,17.01,17.02,17.02,297,2043,12
2023-02-22,09:37:45.793000,00632R,5.4113,5.4121,5.4115,5.41,5.42,5.42,29326,15121,120
2023-02-22,09:37:45.793000,00878,16.9419,16.9735,16.9568,17.01,17.02,17.02,361,2299,24
2023-02-22,09:37:50.807000,00632R,5.4113,5.4123,5.4118,5.41,5.42,5.42,29326,15130,11
2023-02-22,09:37:50.807000,00878,16.9428,16.9744,16.9577,17.01,17.02,17.01,365,2293,11
2023-02-22,09:37:55.807000,00632R,5.4116,5.4123,5.4121,5.41,5.42,5.41,29236,15145,90
2023-02-22,09:37:55.807000,00878,16.9421,16.9737,16.959,17.01,17.02,17.02,340,2253,84
2023-02-22,09:38:00.807000,00632R,5.4116,5.4123,5.4118,5.41,5.42,5.42,29296,15053,105
2023-02-22,09:38:00.807000,00878,16.9421,16.9744,16.9568,17.01,17.02,17.02,326,2251,28
2023-02-22,09:38:05.823000,00632R,5.41,5.4109,5.4109,5.41,5.42,5.42,22300,17259,10
2023-02-22,09:38:05.823000,00878,16.9422,16.9745,16.9569,17.01,17.02,17.01,386,1961,22
2023-02-22,09:38:10.823000,00632R,5.4104,5.4109,5.4106,5.41,5.42,5.42,21810,17209,50
2023-02-22,09:38:10.823000,00878,16.9429,16.9745,16.9583,17.01,17.02,17.02,392,1949,13
2023-02-22,09:38:15.840000,00632R,5.4095,5.4103,5.4097,5.41,5.42,5.42,14340,18212,0
2023-02-22,09:38:15.840000,00878,16.9422,16.9745,16.96,17.01,17.02,17.02,423,1933,17
2023-02-22,09:38:20.853000,00632R,5.41,5.4106,5.4104,5.41,5.42,5.41,16318,18199,18
2023-02-22,09:38:20.853000,00878,16.9423,16.9755,16.9584,17.01,17.02,17.02,437,1941,2
2023-02-22,09:38:25.870000,00632R,5.4095,5.4103,5.4097,5.41,5.42,5.41,16316,18219,9
2023-02-22,09:38:25.870000,00878,16.9432,16.9755,16.9593,17.01,17.02,17.02,450,2054,2
2023-02-22,09:38:30.870000,00632R,5.41,5.4109,5.4104,5.41,5.42,5.42,16316,18218,1
2023-02-22,09:38:30.870000,00878,16.9431,16.9748,16.9573,17.01,17.02,17.02,407,2044,50
2023-02-22,09:38:35.887000,00632R,5.41,5.4106,5.41,5.41,5.42,5.42,16302,18219,0
2023-02-22,09:38:35.887000,00878,16.9432,16.9748,16.9606,17.01,17.02,17.02,424,1589,55
2023-02-22,09:38:40.900000,00632R,5.41,5.4109,5.4104,5.41,5.42,5.42,16328,18219,0
2023-02-22,09:38:40.900000,00878,16.9431,16.9748,16.9624,17.01,17.02,17.02,424,1588,6
2023-02-22,09:38:45.900000,00632R,5.4097,5.4106,5.4104,5.41,5.42,5.42,16328,18221,0
2023-02-22,09:38:45.900000,00878,16.9432,16.9748,16.9624,17.01,17.02,17.02,441,1567,21
2023-02-22,09:38:50.900000,00632R,5.4104,5.4109,5.41,5.41,5.42,5.41,16335,18311,3
2023-02-22,09:38:50.900000,00878,16.9424,16.974,16.9625,17.01,17.02,17.02,449,1581,0
2023-02-22,09:38:55.917000,00632R,5.41,5.4106,5.4107,5.41,5.42,5.42,16335,18341,10
2023-02-22,09:38:55.917000,00878,16.9417,16.974,16.96,17.01,17.02,17.02,475,2032,2
2023-02-22,09:39:00.917000,00632R,5.4113,5.412,5.4116,5.41,5.42,5.42,17743,16345,0
2023-02-22,09:39:00.917000,00878,16.9416,16.9739,16.9599,17.01,17.02,17.02,488,2024,11
2023-02-22,09:39:05.933000,00632R,5.4113,5.412,5.4116,5.41,5.42,5.42,17760,16345,0
2023-02-22,09:39:05.933000,00878,16.9416,16.9732,16.9564,17.01,17.02,17.02,500,2021,3
2023-02-22,09:39:10.947000,00632R,5.411,5.412,5.4116,5.41,5.42,5.41,17757,16330,3
2023-02-22,09:39:10.947000,00878,16.941,16.9733,16.9578,17.01,17.02,17.02,506,2018,3
2023-02-22,09:39:15.947000,00632R,5.4107,5.4112,5.4107,5.41,5.42,5.42,17757,18276,50
2023-02-22,09:39:15.947000,00878,16.941,16.9739,16.9574,17.01,17.02,17.02,521,1999,19
2023-02-22,09:39:20.947000,00632R,5.4107,5.4112,5.4107,5.41,5.42,5.41,17749,18276,10
2023-02-22,09:39:20.947000,00878,16.941,16.9739,16.9575,17.01,17.02,17.02,528,1996,5
2023-02-22,09:39:25.963000,00632R,5.411,5.4115,5.411,5.41,5.42,5.41,17752,18276,0
2023-02-22,09:39:25.963000,00878,16.9417,16.9739,16.9574,17.01,17.02,17.02,540,2032,15
2023-02-22,09:39:30.963000,00632R,5.4104,5.4109,5.4107,5.41,5.42,5.41,17747,18296,0
2023-02-22,09:39:30.963000,00878,16.9417,16.974,16.9584,17.01,17.02,17.02,551,2040,0
2023-02-22,09:39:35.977000,00632R,5.41,5.4106,5.4107,5.41,5.42,5.42,17245,18127,103
2023-02-22,09:39:35.977000,00878,16.9409,16.9724,16.9595,17.01,17.02,17.02,654,2033,7
2023-02-22,09:39:40.993000,00632R,5.4092,5.4097,5.4094,5.41,5.42,5.42,10264,18127,0
2023-02-22,09:39:40.993000,00878,16.941,16.9732,16.9596,17.01,17.02,17.02,651,2043,22
2023-02-22,09:39:46.010000,00632R,5.4092,5.4099,5.4094,5.41,5.42,5.42,10266,18116,11
2023-02-22,09:39:46.010000,00878,16.941,16.9743,16.9612,17.01,17.02,17.02,695,2042,2
2023-02-22,09:39:51.027000,00632R,5.4092,5.4097,5.4094,5.41,5.42,5.42,10264,18115,1
2023-02-22,09:39:51.027000,00878,16.941,16.9743,16.9586,17.01,17.02,17.02,693,2040,22
2023-02-22,09:39:56.040000,00632R,5.4089,5.4094,5.4091,5.41,5.42,5.42,10278,18070,56
2023-02-22,09:39:56.040000,00878,16.9427,16.9743,16.9568,17.01,17.02,17.02,696,2035,5
2023-02-22,09:40:01.057000,00632R,5.4086,5.4094,5.4088,5.41,5.42,5.42,10288,18090,0
2023-02-22,09:40:01.057000,00878,16.9417,16.9744,16.9584,17.01,17.02,17.02,719,2017,15
2023-02-22,09:40:06.073000,00632R,5.4086,5.4091,5.4085,5.41,5.42,5.41,10283,18085,5
2023-02-22,09:40:06.073000,00878,16.9438,16.9765,16.9568,17.01,17.02,17.02,726,2014,4
2023-02-22,09:40:11.073000,00632R,5.4083,5.4091,5.4091,5.41,5.42,5.42,10288,18086,10
2023-02-22,09:40:11.073000,00878,16.9438,16.9761,16.9594,17.01,17.02,17.02,736,2015,11
2023-02-22,09:40:16.073000,00632R,5.4078,5.4085,5.4085,5.41,5.42,5.41,9786,18086,3
2023-02-22,09:40:16.073000,00878,16.9438,16.9761,16.9603,17.01,17.02,17.01,698,2014,10
2023-02-22,09:40:21.073000,00632R,5.4071,5.4082,5.4079,5.41,5.42,5.42,9736,18059,100
2023-02-22,09:40:21.073000,00878,16.943,16.9753,16.9623,17.01,17.02,17.02,704,2016,8
2023-02-22,09:40:26.087000,00632R,5.4071,5.4076,5.4075,5.41,5.42,5.41,9599,18548,147
2023-02-22,09:40:26.087000,00878,16.943,16.9764,16.9607,17.01,17.02,17.02,999,1968,54
2023-02-22,09:40:31.087000,00632R,5.4071,5.4076,5.4079,5.41,5.42,5.41,9593,18458,106
2023-02-22,09:40:31.087000,00878,16.9424,16.9758,16.9608,17.01,17.02,17.01,1018,1965,4
2023-02-22,09:40:36.103000,00632R,5.4071,5.4079,5.4074,5.41,5.42,5.41,9593,18420,0
2023-02-22,09:40:36.103000,00878,16.943,16.9757,16.9614,17.01,17.02,17.02,1029,1568,2
2023-02-22,09:40:41.117000,00632R,5.4074,5.4082,5.4074,5.41,5.42,5.41,9600,18420,13
2023-02-22,09:40:41.117000,00878,16.943,16.9756,16.9631,17.01,17.02,17.01,785,1967,2
2023-02-22,09:40:46.133000,00632R,5.4074,5.4082,5.4078,5.41,5.42,5.41,9570,18420,40
2023-02-22,09:40:46.133000,00878,16.943,16.9756,16.9624,17.01,17.02,17.01,804,1565,4
2023-02-22,09:40:51.150000,00632R,5.4083,5.4091,5.4084,5.41,5.42,5.42,10067,18380,37
2023-02-22,09:40:51.150000,00878,16.9429,16.9756,16.9631,17.01,17.02,17.02,817,1359,12
2023-02-22,09:40:56.150000,00632R,5.4086,5.4094,5.4087,5.41,5.42,5.41,9711,18380,44
2023-02-22,09:40:56.150000,00878,16.9429,16.9755,16.9648,17.01,17.02,17.02,836,1754,8
2023-02-22,09:41:01.150000,00632R,5.4095,5.4106,5.41,5.41,5.42,5.42,14793,18330,58
2023-02-22,09:41:01.150000,00878,16.9428,16.9744,16.961,17.01,17.02,17.02,852,1341,3
2023-02-22,09:41:06.167000,00632R,5.4092,5.41,5.4097,5.41,5.42,5.42,9803,18331,0
2023-02-22,09:41:06.167000,00878,16.9435,16.9752,16.9648,17.01,17.02,17.02,866,1341,8
2023-02-22,09:41:11.180000,00632R,5.41,5.4106,5.4104,5.41,5.42,5.42,16769,18355,0
2023-02-22,09:41:11.180000,00878,16.9435,16.9751,16.9648,17.01,17.02,17.02,875,1331,10
2023-02-22,09:41:16.197000,00632R,5.4089,5.4099,5.4097,5.41,5.42,5.41,9778,18363,5
2023-02-22,09:41:16.197000,00878,16.9427,16.9744,16.9648,17.01,17.02,17.02,890,1319,14
2023-02-22,09:41:21.197000,00632R,5.4104,5.4109,5.4107,5.41,5.42,5.41,16761,18337,3
2023-02-22,09:41:21.197000,00878,16.9426,16.9749,16.9627,17.01,17.02,17.02,914,1834,34
2023-02-22,09:41:26.197000,00632R,5.411,5.4115,5.411,5.41,5.42,5.41,17270,18343,17
2023-02-22,09:41:26.197000,00878,16.9426,16.9742,16.9641,17.01,17.02,17.02,965,1833,2
2023-02-22,09:41:31.213000,00632R,5.4113,5.4118,5.4116,5.41,5.42,5.41,17286,16297,54
2023-02-22,09:41:31.213000,00878,16.9425,16.9742,16.9604,17.01,17.02,17.02,974,1826,7
2023-02-22,09:41:36.210000,00632R,5.4107,5.4115,5.4113,5.41,5.42,5.41,17286,18293,0
2023-02-22,09:41:36.210000,00878,16.9426,16.9742,16.9593,17.01,17.02,17.02,967,1811,26
2023-02-22,09:41:41.227000,00632R,5.4107,5.4115,5.411,5.41,5.42,5.42,22276,17165,130
2023-02-22,09:41:41.227000,00878,16.9432,16.9748,16.9586,17.01,17.02,17.02,1037,1820,2
2023-02-22,09:41:46.243000,00632R,5.4104,5.4112,5.411,5.41,5.42,5.41,22268,17215,8
2023-02-22,09:41:46.243000,00878,16.9432,16.9749,16.9593,17.01,17.02,17.02,1044,2216,4
2023-02-22,09:41:51.257000,00632R,5.4089,5.4099,5.4097,5.41,5.42,5.41,9793,18223,0
2023-02-22,09:41:51.257000,00878,16.9433,16.9761,16.9563,17.01,17.02,17.01,54,1898,1007
2023-02-22,09:41:56.273000,00632R,5.411,5.4118,5.411,5.41,5.42,5.41,17271,18288,10
2023-02-22,09:41:56.273000,00878,16.943,16.975,16.957,17.01,17.02,17.02,74,2442,6
2023-02-22,09:42:01.273000,00632R,5.411,5.4115,5.411,5.41,5.42,5.42,17268,18284,25
2023-02-22,09:42:01.273000,00878,16.943,16.975,16.9514,17.01,17.02,17.02,65,2429,61
2023-02-22,09:42:06.290000,00632R,5.4115,5.4123,5.4118,5.41,5.42,5.41,24249,16289,5
2023-02-22,09:42:06.290000,00878,16.943,16.9749,16.9542,17.01,17.02,17.02,81,2426,5
2023-02-22,09:42:11.290000,00632R,5.411,5.412,5.4118,5.41,5.42,5.41,17256,16290,0
2023-02-22,09:42:11.290000,00878,16.943,16.975,16.9551,17.01,17.02,17.02,87,2426,0
2023-02-22,09:42:16.290000,00632R,5.4107,5.4117,5.4115,5.41,5.42,5.42,17275,16305,5
2023-02-22,09:42:16.290000,00878,16.9439,16.9758,16.9541,17.01,17.02,17.01,140,2368,19
2023-02-22,09:42:21.290000,00632R,5.4107,5.4115,5.4109,5.41,5.42,5.42,17275,18306,0
2023-02-22,09:42:21.290000,00878,16.9431,16.975,16.9569,17.01,17.02,17.02,162,1967,4
2023-02-22,09:42:26.307000,00632R,5.411,5.4117,5.4112,5.41,5.42,5.42,17255,18316,0
2023-02-22,09:42:26.307000,00878,16.9421,16.975,16.9597,17.01,17.02,17.02,201,2015,12
2023-02-22,09:42:31.307000,00632R,5.4121,5.4127,5.4121,5.41,5.42,5.41,24238,16419,3
2023-02-22,09:42:31.307000,00878,16.9412,16.974,16.9596,17.01,17.02,17.02,227,1791,5
2023-02-22,09:42:36.307000,00632R,5.4128,5.4133,5.4128,5.41,5.42,5.42,24238,16418,1
2023-02-22,09:42:36.307000,00878,16.9422,16.973,16.9595,17.01,17.02,17.02,237,1740,2
2023-02-22,09:42:41.307000,00632R,5.4134,5.4139,5.4136,5.41,5.42,5.42,30705,13064,20
2023-02-22,09:42:41.307000,00878,16.9421,16.973,16.9595,17.01,17.02,17.01,296,1789,2
2023-02-22,09:42:46.320000,00632R,5.4134,5.4141,5.4136,5.41,5.42,5.41,30688,12476,120
2023-02-22,09:42:46.320000,00878,16.9421,16.9738,16.9578,17.01,17.02,17.02,341,2128,11
2023-02-22,09:42:51.320000,00632R,5.4139,5.4144,5.4139,5.41,5.42,5.41,30685,12479,5
2023-02-22,09:42:51.320000,00878,16.9421,16.9729,16.9536,17.01,17.02,17.01,344,2673,6
2023-02-22,09:42:56.337000,00632R,5.4139,5.4147,5.4139,5.41,5.42,5.41,30686,12479,0
2023-02-22,09:42:56.337000,00878,16.9421,16.9729,16.9552,17.01,17.02,17.02,350,2659,18
2023-02-22,09:43:01.350000,00632R,5.4149,5.4154,5.4149,5.41,5.42,5.41,30683,12475,10
2023-02-22,09:43:01.350000,00878,16.942,16.9728,16.9554,17.01,17.02,17.01,301,3154,78
2023-02-22,09:43:06.367000,00632R,5.4142,5.4147,5.4145,5.41,5.42,5.42,30683,12478,2
2023-02-22,09:43:06.367000,00878,16.9375,16.9691,16.9555,17.01,17.02,17.02,318,3153,1
2023-02-22,09:43:11.383000,00632R,5.4134,5.4139,5.4142,5.41,5.42,5.41,30728,12850,140
2023-02-22,09:43:11.383000,00878,16.9375,16.9692,16.9547,17.01,17.02,17.02,210,3118,152
2023-02-22,09:43:16.383000,00632R,5.4134,5.4141,5.4136,5.41,5.42,5.41,30710,12225,118
2023-02-22,09:43:16.383000,00878,16.9375,16.9692,16.9557,17.01,17.02,17.02,228,3116,3
2023-02-22,09:43:21.397000,00632R,5.4134,5.4139,5.4139,5.41,5.42,5.42,30713,12231,2
2023-02-22,09:43:21.397000,00878,16.9375,16.9692,16.9529,17.01,17.02,17.01,233,3136,2
2023-02-22,09:43:26.397000,00632R,5.4134,5.4139,5.4136,5.41,5.42,5.42,30714,12231,0
2023-02-22,09:43:26.397000,00878,16.9375,16.9692,16.9566,17.01,17.02,17.01,245,3136,7
2023-02-22,09:43:31.397000,00632R,5.4134,5.4139,5.4139,5.41,5.42,5.42,30714,12126,110
2023-02-22,09:43:31.397000,00878,16.9375,16.9692,16.9566,17.01,17.02,17.02,285,3128,10
2023-02-22,09:43:36.413000,00632R,5.4134,5.4139,5.4136,5.41,5.42,5.41,30711,12126,3
2023-02-22,09:43:36.413000,00878,16.9384,16.9701,16.9557,17.01,17.02,17.02,319,2630,4
2023-02-22,09:43:41.430000,00632R,5.4134,5.4142,5.4139,5.41,5.42,5.42,30712,12111,30
2023-02-22,09:43:41.430000,00878,16.9384,16.9701,16.9571,17.01,17.02,17.02,331,3062,17
2023-02-22,09:43:46.447000,00632R,5.414,5.4149,5.4152,5.41,5.42,5.42,30733,12111,0
2023-02-22,09:43:46.447000,00878,16.9383,16.9691,16.9571,17.01,17.02,17.01,293,3104,62
2023-02-22,09:43:51.443000,00632R,5.4152,5.416,5.4158,5.41,5.42,5.42,31631,6311,210
2023-02-22,09:43:51.443000,00878,16.9382,16.9691,16.9558,17.01,17.02,17.01,206,3606,119
2023-02-22,09:43:56.443000,00632R,5.4134,5.4142,5.4142,5.41,5.42,5.41,31229,7011,113
2023-02-22,09:43:56.443000,00878,16.9373,16.9692,16.9556,17.01,17.02,17.02,217,3106,1
2023-02-22,09:44:01.443000,00632R,5.414,5.4149,5.4145,5.41,5.42,5.42,31234,6711,200
2023-02-22,09:44:01.443000,00878,16.938,16.9708,16.9542,17.01,17.02,17.02,233,3104,2
2023-02-22,09:44:06.443000,00632R,5.414,5.4145,5.4142,5.41,5.42,5.42,31234,6201,110
2023-02-22,09:44:06.443000,00878,16.9372,16.97,16.9542,17.01,17.02,17.02,275,3145,2
2023-02-22,09:44:11.443000,00632R,5.4146,5.4154,5.4149,5.41,5.42,5.42,31334,5351,0
2023-02-22,09:44:11.443000,00878,16.9371,16.9699,16.9506,17.0,17.01,17.01,8240,893,295
2023-02-22,09:44:16.460000,00632R,5.4146,5.4152,5.4149,5.41,5.42,5.42,31339,5717,19
2023-02-22,09:44:16.460000,00878,16.9357,16.9676,16.9427,17.0,17.01,17.01,8276,887,8
2023-02-22,09:44:21.477000,00632R,5.4146,5.4152,5.4145,5.41,5.42,5.42,31316,5497,223
2023-02-22,09:44:21.477000,00878,16.9349,16.9676,16.9415,17.0,17.01,17.01,8283,875,27
2023-02-22,09:44:26.490000,00632R,5.4143,5.4152,5.4149,5.41,5.42,5.42,31316,5487,12
2023-02-22,09:44:26.490000,00878,16.9349,16.9676,16.9408,17.0,17.01,17.01,8276,877,1
2023-02-22,09:44:31.490000,00632R,5.4143,5.4152,5.4149,5.41,5.42,5.42,31324,5328,185
2023-02-22,09:44:31.490000,00878,16.9349,16.9668,16.9432,17.0,17.01,17.01,8285,863,14
2023-02-22,09:44:36.490000,00632R,5.4143,5.4149,5.4145,5.41,5.42,5.42,31424,5158,170
2023-02-22,09:44:36.490000,00878,16.9349,16.9668,16.9457,17.0,17.01,17.01,8587,859,16
2023-02-22,09:44:41.507000,00632R,5.4134,5.4139,5.4136,5.41,5.42,5.41,31416,5158,8
2023-02-22,09:44:41.507000,00878,16.935,16.9669,16.9457,17.0,17.01,17.01,8590,843,18
2023-02-22,09:44:46.507000,00632R,5.4146,5.4154,5.4149,5.41,5.42,5.42,31401,5173,80
2023-02-22,09:44:46.507000,00878,16.9357,16.9676,16.9451,17.0,17.01,17.01,8322,829,14
2023-02-22,09:44:51.523000,00632R,5.4143,5.4154,5.4149,5.41,5.42,5.42,31401,5168,5
2023-02-22,09:44:51.523000,00878,16.9357,16.9676,16.9452,17.0,17.01,17.01,8357,823,7
2023-02-22,09:44:56.537000,00632R,5.415,5.4157,5.4152,5.41,5.42,5.42,31394,5140,32
2023-02-22,09:44:56.537000,00878,16.9357,16.9676,16.947,17.0,17.01,17.01,8379,819,9
2023-02-22,09:45:01.553000,00632R,5.4158,5.4166,5.4161,5.41,5.42,5.42,31793,4340,70
2023-02-22,09:45:01.553000,00878,16.9356,16.9675,16.9509,17.0,17.01,17.01,8406,369,54
2023-02-22,09:45:06.553000,00632R,5.4161,5.4169,5.4167,5.41,5.42,5.41,33294,4428,3
2023-02-22,09:45:06.553000,00878,16.9356,16.9675,16.9525,17.0,17.01,17.01,8456,762,27
2023-02-22,09:45:11.570000,00632R,5.4161,5.4169,5.4167,5.41,5.42,5.42,33295,4418,15
2023-02-22,09:45:11.570000,00878,16.9356,16.9675,16.9483,17.0,17.01,17.01,8467,756,12
2023-02-22,09:45:16.583000,00632R,5.4161,5.4166,5.4164,5.41,5.42,5.42,33295,4418,0
2023-02-22,09:45:16.583000,00878,16.9324,16.9669,16.9423,17.0,17.01,17.01,8504,1126,35
2023-02-22,09:45:21.600000,00632R,5.4167,5.4176,5.4171,5.41,5.42,5.42,33295,4315,103
2023-02-22,09:45:21.600000,00878,16.9323,16.965,16.9423,17.0,17.01,17.01,8525,1617,8
2023-02-22,09:45:26.617000,00632R,5.4171,5.4176,5.4174,5.41,5.42,5.41,33790,4265,13
2023-02-22,09:45:26.617000,00878,16.9323,16.9642,16.9426,17.0,17.01,17.01,8548,1651,18
2023-02-22,09:45:31.630000,00632R,5.4185,5.4193,5.4185,5.41,5.42,5.42,48788,3275,998
2023-02-22,09:45:31.630000,00878,16.9301,16.962,16.9419,17.0,17.01,17.01,8569,1929,6
2023-02-22,09:45:36.647000,00632R,5.4176,5.4181,5.4179,5.41,5.42,5.42,48778,2656,687
2023-02-22,09:45:36.647000,00878,16.9302,16.9621,16.9418,17.0,17.01,17.01,8607,1755,4
2023-02-22,09:45:41.663000,00632R,5.4182,5.4187,5.4182,5.41,5.42,5.42,48778,2554,112
2023-02-22,09:45:41.663000,00878,16.9287,16.9606,16.9389,17.0,17.01,17.01,8634,1740,15
2023-02-22,09:45:46.677000,00632R,5.4176,5.4181,5.4176,5.41,5.42,5.41,48776,2352,205
2023-02-22,09:45:46.677000,00878,16.9296,16.9615,16.9413,17.0,17.01,17.01,8685,1722,18
2023-02-22,09:45:51.693000,00632R,5.4174,5.4184,5.4179,5.41,5.42,5.42,48776,1937,415
2023-02-22,09:45:51.693000,00878,16.9296,16.9615,16.9395,17.0,17.01,17.01,8700,1698,26
2023-02-22,09:45:56.710000,00632R,5.4179,5.4184,5.4182,5.41,5.42,5.42,48766,1036,901
2023-02-22,09:45:56.710000,00878,16.9279,16.9607,16.9437,17.0,17.01,17.01,8732,1665,33
2023-02-22,09:46:01.723000,00632R,5.4176,5.4184,5.4179,5.41,5.42,5.41,48378,564,495
2023-02-22,09:46:01.723000,00878,16.9279,16.9599,16.9406,17.0,17.01,17.01,8739,1643,23
2023-02-22,09:46:06.723000,00632R,5.4179,5.4184,5.4179,5.41,5.42,5.42,48378,416,153
2023-02-22,09:46:06.723000,00878,16.9273,16.9592,16.94,17.0,17.01,17.01,8762,1660,16
2023-02-22,09:46:11.723000,00632R,5.4179,5.4184,5.4179,5.41,5.42,5.42,48375,386,33
2023-02-22,09:46:11.723000,00878,16.9273,16.96,16.9417,17.0,17.01,17.01,8792,2051,9
2023-02-22,09:46:16.723000,00632R,5.4176,5.4181,5.4179,5.41,5.42,5.42,48375,396,15
2023-02-22,09:46:16.723000,00878,16.9289,16.9608,16.9423,17.0,17.01,17.01,6803,2034,2017
2023-02-22,09:46:21.740000,00632R,5.4179,5.4184,5.4179,5.41,5.42,5.42,48395,191,205
2023-02-22,09:46:21.740000,00878,16.9282,16.9601,16.9433,17.0,17.01,17.01,6427,2026,403
2023-02-22,09:46:26.740000,00632R,5.4182,5.4187,5.4182,5.41,5.42,5.42,48383,14,177
2023-02-22,09:46:26.740000,00878,16.9273,16.9592,16.9462,17.0,17.01,17.0,6434,2562,13
2023-02-22,09:46:31.740000,00632R,5.4176,5.4181,5.4176,5.42,5.43,5.42,406,28241,17
2023-02-22,09:46:31.740000,00878,16.9266,16.9586,16.945,17.0,17.01,17.0,6480,2091,10
2023-02-22,09:46:36.740000,00632R,5.4176,5.4181,5.4176,5.42,5.43,5.43,319,28246,105
2023-02-22,09:46:36.740000,00878,16.9274,16.9594,16.9443,17.0,17.01,17.0,5288,2081,1220
2023-02-22,09:46:41.757000,00632R,5.4176,5.4181,5.4176,5.42,5.43,5.42,335,28236,5
2023-02-22,09:46:41.757000,00878,16.9274,16.9594,16.9432,17.0,17.01,17.01,5322,2055,26
2023-02-22,09:46:46.757000,00632R,5.4171,5.4176,5.4173,5.42,5.43,5.42,345,28242,0
2023-02-22,09:46:46.757000,00878,16.9275,16.9594,16.9409,17.0,17.01,17.01,5340,2552,4
2023-02-22,09:46:51.757000,00632R,5.4176,5.4184,5.4176,5.42,5.43,5.42,352,28250,5
2023-02-22,09:46:51.757000,00878,16.9266,16.9595,16.9424,17.0,17.01,17.01,5344,1543,16
2023-02-22,09:46:56.770000,00632R,5.4182,5.4187,5.4182,5.42,5.43,5.42,432,28251,0
2023-02-22,09:46:56.770000,00878,16.9266,16.9603,16.943,17.0,17.01,17.0,4383,2042,1002
2023-02-22,09:47:01.787000,00632R,5.4185,5.419,5.4185,5.42,5.43,5.42,428,27856,410
2023-02-22,09:47:01.787000,00878,16.9275,16.9594,16.939,17.0,17.01,17.01,4407,2041,1
2023-02-22,09:47:06.803000,00632R,5.4191,5.4199,5.4191,5.42,5.43,5.43,435,25760,110
2023-02-22,09:47:06.803000,00878,16.9274,16.9593,16.9365,17.0,17.01,17.01,4429,3297,23
2023-02-22,09:47:11.817000,00632R,5.4198,5.4208,5.42,5.42,5.43,5.43,2739,25760,0
2023-02-22,09:47:11.817000,00878,16.9273,16.9593,16.9366,17.0,17.01,17.01,3448,3514,1001
2023-02-22,09:47:16.833000,00632R,5.4201,5.4208,5.4203,5.42,5.43,5.42,2996,25639,23
2023-02-22,09:47:16.833000,00878,16.9269,16.9577,16.9378,17.0,17.01,17.01,3495,3506,16
2023-02-22,09:47:21.833000,00632R,5.4204,5.4211,5.4203,5.42,5.43,5.42,3006,25640,0
2023-02-22,09:47:21.833000,00878,16.9251,16.9577,16.9366,17.0,17.01,17.0,2449,3782,1063
2023-02-22,09:47:26.833000,00632R,5.4209,5.4214,5.4209,5.42,5.43,5.42,3545,25676,10
2023-02-22,09:47:26.833000,00878,16.9243,16.9568,16.9373,17.0,17.01,17.0,1865,3782,609
2023-02-22,09:47:31.847000,00632R,5.4222,5.4227,5.4225,5.42,5.43,5.42,10580,23700,504
2023-02-22,09:47:31.847000,00878,16.9244,16.9567,16.9362,16.99,17.0,17.0,3425,1098,1903
2023-02-22,09:47:36.863000,00632R,5.4219,5.4224,5.4219,5.42,5.43,5.42,10819,23702,14
2023-02-22,09:47:36.863000,00878,16.9229,16.9544,16.9339,16.99,17.0,17.0,3421,1578,30
2023-02-22,09:47:41.880000,00632R,5.4215,5.4221,5.4217,5.42,5.43,5.42,10849,23951,0
2023-02-22,09:47:41.880000,00878,16.9222,16.9537,16.9327,16.99,17.0,17.0,3412,1529,49
2023-02-22,09:47:46.880000,00632R,5.4219,5.4224,5.4221,5.42,5.43,5.42,11149,23944,0
2023-02-22,09:47:46.880000,00878,16.9222,16.953,16.9313,16.99,17.0,17.0,3411,2169,43
2023-02-22,09:47:51.880000,00632R,5.4222,5.4227,5.4224,5.42,5.43,5.42,11361,24161,0
2023-02-22,09:47:51.880000,00878,16.9212,16.953,16.9321,16.99,17.0,17.0,3424,1634,36
2023-02-22,09:47:56.880000,00632R,5.4222,5.4227,5.4227,5.42,5.43,5.42,10887,24161,499
2023-02-22,09:47:56.880000,00878,16.9212,16.953,16.9352,16.99,17.0,17.0,3431,1079,57
2023-02-22,09:48:01.880000,00632R,5.4219,5.4227,5.4227,5.42,5.43,5.42,10947,24171,3
2023-02-22,09:48:01.880000,00878,16.9212,16.953,16.9377,16.99,17.0,17.0,3438,2550,26
2023-02-22,09:48:06.897000,00632R,5.4219,5.4224,5.4224,5.42,5.43,5.42,11372,24161,0
2023-02-22,09:48:06.897000,00878,16.9212,16.953,16.9353,16.99,17.0,17.0,3450,2742,20
2023-02-22,09:48:11.897000,00632R,5.4219,5.4224,5.4221,5.42,5.43,5.42,11769,24133,534
2023-02-22,09:48:11.897000,00878,16.9212,16.9541,16.9365,16.99,17.0,17.0,3455,2724,18
2023-02-22,09:48:16.910000,00632R,5.4219,5.4224,5.4221,5.42,5.43,5.42,11750,24033,119
2023-02-22,09:48:16.910000,00878,16.9212,16.952,16.938,16.99,17.0,17.0,3464,2700,95
2023-02-22,09:48:21.927000,00632R,5.4219,5.4224,5.4221,5.42,5.43,5.42,11778,24068,8
2023-02-22,09:48:21.927000,00878,16.9212,16.952,16.9361,16.99,17.0,17.0,3482,2690,13
2023-02-22,09:48:26.940000,00632R,5.4219,5.4224,5.4224,5.42,5.43,5.43,11740,24058,15
2023-02-22,09:48:26.940000,00878,16.9212,16.952,16.9374,16.99,17.0,17.0,3486,2657,43
2023-02-22,09:48:31.957000,00632R,5.4222,5.423,5.4224,5.42,5.43,5.43,11540,23971,0
2023-02-22,09:48:31.957000,00878,16.9212,16.952,16.9354,16.99,17.0,17.0,3555,2635,22
2023-02-22,09:48:36.973000,00632R,5.4234,5.4241,5.4239,5.42,5.43,5.43,17531,20132,507
2023-02-22,09:48:36.973000,00878,16.9202,16.951,16.934,16.99,17.0,17.0,3583,3176,22
2023-02-22,09:48:41.987000,00632R,5.4225,5.4235,5.4233,5.42,5.43,5.42,17521,19634,10
2023-02-22,09:48:41.987000,00878,16.9203,16.9511,16.9333,16.99,17.0,17.0,3603,3680,31
2023-02-22,09:48:47.003000,00632R,5.4231,5.4238,5.4236,5.42,5.43,5.42,17518,19152,24
2023-02-22,09:48:47.003000,00878,16.9207,16.9515,16.9327,16.99,17.0,17.0,3658,3643,55
2023-02-22,09:48:52.003000,00632R,5.4243,5.4248,5.4246,5.42,5.43,5.42,17500,19151,21
2023-02-22,09:48:52.003000,00878,16.9206,16.9514,16.9362,16.99,17.0,17.0,3712,3911,10
2023-02-22,09:48:57.003000,00632R,5.4246,5.4254,5.4249,5.42,5.43,5.43,18499,11176,50
